3190 5232
743 453 846 574 71ι

206 705 417 770 δοκοῦσαν
456 701 665 780 γενέσθαι
695 700 726 761 οἷ.
754 694 803 758 Ad
825 716 916 778 quem
941 717 1009 760 vero
1032 697 1133 762 locum
1156 703 1324 782 provocant

201 815 254 880 ΙΙΙ
279 818 334 894 10,
356 835 425 878 eum
447 812 505 876 elia
528 811 565 876 de
588 833 676 874 causa
700 810 831 887 correxi,
850 833 947 894 neque
963 813 988 875 si
1005 835 1094 877 senus
1109 819 1193 878 esset
1213 814 1321 880 huicce

203 951 240 993 ex
268 950 333 993 mea
354 926 477 1011 quidem
501 924 652 990 sententia
676 922 824 1008 praesidio
847 924 936 988 foret.
982 925 1053 991 Nisi
1075 933 1174 991 autem
1199 929 1321 1014 egregie

202 1042 306 1118 fallor,
324 1039 440 1124 aliquot
454 1039 592 1104 codicum
618 1035 710 1104 lectio
736 1041 879 1124 δώρων
909 1043 1119 1110 δοκοῦσαν
1148 1043 1221 1119 ἕως
1243 1063 1323 1107 eom·

204 1162 306 1238 parata
335 1177 403 1218 oum
437 1155 636 1238 plurimorum
668 1153 815 1218 librorum
847 1153 996 1238 scriptura
1031 1158 1176 1242 δώρων
1209 1159 1227 1223 δ
1235 1165 1324 1244 όκη·

204 1296 271 1337 σιν
299 1275 420 1332 tantum
448 1291 510 1333 non
534 1267 633 1353 digito
658 1269 844 1356 demonstrat
866 1269 898 1332 in
922 1267 1084 1354 archetypo
1107 1270 1259 1354 quondam
1282 1272 1324 1336 lo·

204 1381 339 1523 qumdsio
361 1383 508 1468 scriptum
533 1383 640 1448 fuisse:
668 1385 722 1450 διὰ
748 1390 807 1467 τὴν
833 1388 867 1449 ἐκ
891 1393 947 1466 τῆς
973 1389 1132 1467 Ἀττικῆς
1149 1414 1228 1453 ποτε
1244 1393 1323 1472 μετὰ

224 1490 274 1540 cpe
300 1475 415 1540 οκὴοεως

203 1545 222 1609 δ
231 1551 344 1628 ὡροον
375 1547 593 1629 ἀναχώρησιν,
633 1539 837 1624 superscripto
860 1541 977 1624 glossae
1001 1542 1200 1626 glossemate,
1239 1543 1324 1609 cuius

202 1657 346 1742 reliquiae
370 1658 460 1722 hodie
482 1657 567 1720 iuxta
585 1656 752 1740 genuinum
771 1655 949 1720 vocabulum
966 1657 1113 1740 leguntur
1128 1658 1161 1722 iu
1178 1658 1321 1726 editioni·

202 1773 275 1852 bus,
302 1773 381 1838 unde
404 1796 453 1837 eas
476 1795 535 1856 quo
560 1772 649 1835 eitius
673 1794 707 1834 eo
732 1771 838 1834 melius
862 1793 1068 1855 expungemus
1087 1773 1123 1857 1).

246 1887 318 1974 Cap.
345 1891 385 1954 18
410 1890 426 1972 q
451 1892 469 1953 2
493 1889 644 1971 interpres
668 1908 721 1949 sua
744 1885 880 1960 infersit,
905 1885 1077 1969 dequibus
1101 1886 1168 1951 vide
1193 1887 1262 1955 adn.
1284 1887 1321 1952 ad

203 1999 238 2062 Π
256 2001 303 2084 lq
317 2003 334 2066 1
352 2007 383 2064 et
399 1999 435 2064 ci.
456 1999 602 2063 scholium
621 1998 660 2060 ad
677 1997 774 2082 prima
786 1997 930 2062 vocabula
944 1999 1053 2083 capitis
1067 2004 1127 2065 22:
1145 2007 1176 2069 οἱ
1192 2006 1226 2071 δεΙ
1246 2007 1322 2089 ξιίμ-

201 2117 313 2203 μαχοι]
331 2121 395 2183 τῶν
413 2115 696 2196 Λακεδαιμονίων.
724 2111 855 2176 Vetusta
879 2135 944 2176 esse
960 2114 1034 2178 haec
1051 2114 1321 2200 interpretamenta

202 2235 325 2315 apparet
359 2251 375 2292 e
401 2235 481 2292 recto
513 2250 569 2292 usu
594 2228 729 2306 articuli,
754 2251 824 2292 nam
852 2229 1001 2293 recentior
1028 2230 1187 2294 scholiasta
1217 2232 1322 2315 procul

201 2343 295 2409 dubio
319 2343 486 2427 scripsisset
510 2349 574 2411 τῶν
597 2345 678 2409 Ἀθ.
708 2348 739 2406 et
765 2348 829 2410 τῶν
854 2353 953 2418 Λακ.,
978 2344 1058 2428 quod
1082 2344 1226 2409 exhibent
1252 2345 1322 2410 libri

199 2458 322 2544 quidam
346 2458 492 2542 pessimae
516 2465 616 2522 notae.
647 2497 694 2514 ¹—
724 2456 821 2521 Initio
845 2457 936 2521 huius
972 2459 1079 2544 eapitis
1109 2459 1214 2525 verba:
1248 2471 1321 2550 περὶ

199 2581 257 2659 μὲν
283 2582 348 2641 τῶν
372 2578 464 2659 ἱερῶν
495 2579 559 2640 τῶν
583 2579 702 2639 κοινῶν
728 2579 822 2639 θείειν
846 2579 917 2638 καί
944 2580 954 2638 ἰ
963 2576 1060 2641 έναι
1086 2583 1140 2642 καὶ
1172 2587 1323 2660 μαντειίε-

199 2700 278 2756 σθαι
304 2695 358 2754 καί
387 2695 521 2772 θεωρεῖν
547 2693 691 2753 κατὰτὰ
720 2695 840 2773 πάτρια
861 2693 917 2754 τὸν
940 2689 1138 2775 βουλόμενον
1155 2698 1210 2760 καὶ
1236 2701 1319 2761 κατὰ

200 2815 259 2887 γῆν
292 2809 346 2869 καὶ
374 2809 457 2868 κατὰ
482 2802 652 2869 θάλασσαν
684 2804 785 2879 οίδεώς
815 2809 985 2865 monstrum
1015 2803 1092 2867 alere
1119 2812 1236 2870 certum
1263 2815 1320 2874 est.

200 2917 343 3001 Suspicor
360 2923 461 2979 autem
480 2923 631 2983 IENAI
644 2914 784 3000 reliquias
813 2938 877 2979 esse
905 2915 1005 2993 verbi,
1030 2917 1202 3000 quodcum
1226 2927 1320 2990 θείειν

198 3031 372 3116 saepissime
400 3029 612 3114 coniungitur,
646 3041 701 3098 τοῦ
730 3039 996 3109 ΣΠΕΝΔΕΙΝ,
1028 3032 1107 3116 quod
1131 3034 1257 3099 verbum
1294 3037 1320 3100 si

197 3148 297 3232 eapite
318 3153 349 3211 et
365 3145 460 3211 cauda
483 3146 686 3223 truncaveris,
703 3145 786 3230 ipsae
808 3145 876 3208 illae
903 3145 1009 3209 literae
1026 3149 1105 3228 (uam
1124 3157 1151 3215 A
1169 3155 1201 3212 et
1217 3154 1253 3217 A
1270 3151 1321 3214 vix

196 3259 444 3349 distinguuntur)
469 3261 637 3326 restabunt.
655 3293 694 3309 -*-
708 3259 754 3324 Ib.
772 3261 821 3344 §3
838 3258 953 3324 dudum
974 3259 1215 3344 obtemperatum
1232 3285 1322 3349 opor·

197 3380 260 3445 tuit
283 3378 408 3442 Dukero
433 3377 571 3442 codicum
589 3351 778 3459 quorundam
801 3374 980 3458 scripturam
1006 3376 1149 3452 δίκαις
1172 3387 1318 3465 χρήοθων

199 3493 381 3579 praeferenti
405 3491 548 3576 vulgatae
576 3492 730 3574 δικαίῳ
756 3518 802 3575 χρ.
828 3527 871 3537 --
896 3487 1074 3575 Interpretis
1099 3513 1161 3554 esse
1185 3500 1259 3576 puto
1276 3494 1320 3558 ul·

202 3608 276 3671 tima
298 3607 398 3670 huius⁴
416 3605 526 3689 capitis
549 3605 640 3668 verba
664 3603 865 3691 Ἀθηναίοις
882 3611 936 3671 καί
955 3606 1248 3692 Λακεδαιμονίοιςε
1266 3631 1319 3692 pa-

203 3745 270 3786 rum
302 3721 386 3792 ¹enim
414 3742 461 3786 me
489 3728 590 3784 movet
613 3742 701 3802 quem
736 3719 877 3804 opposuit
917 3719 970 3782 tali
1005 3721 1169 3804 suspicioni
1199 3721 1319 3806 Kriiger

202 3837 301 3900 locum
328 3837 368 3900 29
386 3837 470 3918 pet:
495 3842 625 3920 alloquor
651 3833 735 3902 εἶναι
756 3845 950 3918 προσθεῖναι
975 3842 1028 3900 καί
1053 3836 1184 3917 ἀφελεῖν
1200 3841 1251 3902 ὅτι
1274 3843 1317 3905 διν

203 3955 360 4036 α’μφοῐν
387 3961 480 4020 σοῖν
511 3951 687 4017 πολέοιν
716 3950 794 4033 δοκῇ
820 3948 1111 4031 [Λακεδαιμονίοις
1134 3956 1187 4015 καί
1213 3951 1320 4038 Ἀθη-

205 4069 310 4142 ναίοις
349 4064 448 4149 dele]‚
488 4065 631 4149 quoniam
666 4063 692 4126 is
723 4063 807 4126 locus
839 4062 998 4125 manifesto
1030 4085 1092 4126 non
1115 4063 1175 4127 huc
1201 4071 1319 4149 spectat

204 4176 254 4239 sed
280 4175 318 4240 ad
342 4198 406 4260 cap.
429 4179 470 4242 23
493 4185 589 4255 extr,
613 4197 673 4260 quo
697 4175 873 4239 continetur
903 4175 1033 4240 formula
1056 4177 1211 4242 societatis
1240 4181 1320 4243 solos

206 4349 397 4356 --—....-.-.-.-..

240 4441 262 4500 l)
284 4441 326 4489 His
344 4442 436 4504 scriptis
454 4459 466 4489 e
485 4443 600 4505 Popponis
625 4442 725 4490 editione
747 4441 853 4502 intelligo
876 4441 1016 4490 δοκοῦσαν
1038 4442 1085 4488 iarn
1102 4443 1235 4504 suspectum
1253 4441 1322 4490 inisse

206 4531 323 4592 Haackio,
347 4535 384 4595 qui
408 4541 484 4582 tamen
511 4551 555 4582 nou
578 4534 695 4583 intellecta
717 4533 864 4596 corruptelae
888 4537 978 4583 ratione
1001 4536 1059 4582 male
1084 4540 1163 4582 tuetur
1181 4534 1322 4598 scripturum

203 4625 275 4685 μετὰ
291 4623 386 4692 δώρων
403 4624 527 4692 δόκησιν.
563 4625 621 4674 Vide
641 4627 668 4675 V.
689 4627 712 4674 L.
731 4625 791 4688 apud
810 4627 943 4690 Popponem
961 4634 983 4674 et
1002 4627 1156 4679 scholiastem.
