3190 5232
829 485 870 552 26

287 673 457 760 significans
488 695 574 760 posse
607 671 803 740 crediderim:
833 681 1019 762 quapropter
1042 677 1178 763 suspicor
1201 679 1403 764 supplendum

287 813 366 854 esse:
393 795 427 858 ἐν
451 802 498 877 τῇ
523 795 745 877 ξυναγωγῇ
773 790 833 877 (τῇ
857 797 967 877 περὶ)
992 800 1064 860 τοῦ
1088 796 1288 879 πολέμου.
1315 794 1405 859 Simi-

287 904 359 969 liter
381 904 550 990 Xenophon
574 905 605 968 in
627 903 796 969 Hellenicis
818 905 882 969 VII
910 911 923 970 l
951 909 1047 989 pil:
1073 916 1127 975 καὶ
1150 916 1264 995 πρῶτα
1283 917 1342 997 μὲν
1362 918 1405 988 εἰς

287 1023 431 1105 Δελφούς
455 1028 664 1104 συνήγαγε
691 1028 785 1104 περὶ
812 1028 980 1108 εἰρήνης
1006 1027 1169 1110 Θηβαίους
1193 1033 1257 1091 κτὲ.

331 1145 351 1212 †
383 1136 457 1220 Gap.
491 1137 531 1201 19
566 1138 582 1219 b
609 1138 637 1200 1.
660 1135 809 1220 Expunge
833 1135 923 1200 verba
947 1146 1054 1222 η’γεῖτο
1082 1141 1115 1205 δι’
1141 1136 1342 1227 Ἀρχίδαμος
1362 1179 1404 1188 --

284 1253 435 1338 βασιλεύς
471 1257 541 1335 post
565 1257 683 1314 narrata
708 1254 750 1318 10
775 1253 791 1334 p
817 1255 853 1328 3,
880 1254 921 1316 l2
946 1254 963 1334 b
989 1253 1008 1317 3
1032 1259 1062 1315 et
1085 1255 1101 1338 p
1126 1256 1167 1319 18
1183 1253 1285 1340 inepte
1302 1276 1404 1340 super·

287 1389 424 1462 vacanea.
471 1367 596 1432 Invecta
619 1364 762 1431 videntur
785 1389 802 1430 e
826 1370 867 1431 47
894 1369 910 1451 d
934 1370 953 1432 2
977 1374 1008 1432 et
1033 1370 1073 1432 71
1098 1371 1115 1451 p
1141 1368 1204 1436 1.†

331 1481 405 1566 Cap.
431 1485 471 1546 21
496 1483 512 1566 b
537 1484 566 1546 1.
593 1492 727 1570 χρήμασι
753 1491 929 1565 πεισθῆναι
953 1482 1026 1566 [τὴν
1042 1484 1278 1570 οἷναχῶρησιν].
1303 1482 1405 1547 Verba

286 1598 400 1662 inclusa
417 1620 513 1682 neque
535 1596 699 1661 scholiasta
715 1596 793 1680 legit
807 1619 907 1682 neque
924 1597 1019 1661 Valla.
1046 1597 1245 1662 Manifestum
1259 1595 1406 1662 emblema

287 1719 342 1777 est.
379 1711 426 1777 lb.
461 1716 478 1797 p
510 1715 538 1783 2.
577 1713 607 1776 3.
632 1720 686 1778 καὶ
715 1715 817 1780 ἐδόκει
843 1725 909 1788 τοῖς
934 1741 966 1780 τε
987 1715 1101 1791 ἄλλοις
1125 1720 1181 1780 καὶ
1204 1714 1343 1798 μάλιστα
1365 1700 1422 1800 τῇΙ

288 1835 413 1913 νεότητι
449 1830 612 1906 ἐπεξιέναι
640 1835 693 1893 καὶ
718 1836 759 1912 μὴ
786 1838 953 1911 περιορᾶν,
981 1834 1064 1895 κατὰ
1089 1830 1254 1906 ξνστάσεις
1277 1855 1310 1894 τε
1335 1857 1404 1910 γιγ-

287 1950 413 2026 νόμενοι
449 1949 484 2010 ἐν
519 1944 624 2029 πολλῇ
656 1946 736 2028 ἔριδι
764 1943 859 2028 ἦσαν,
891 1949 922 2009 οἱ
956 1948 1015 2027 μὲν
1041 1945 1225 2018 κελεύοντες
1249 1944 1401 2027 [ἐξιέναι]

284 2063 314 2123 οἱ
348 2058 383 2122 δέ
415 2085 501 2133 τινες
525 2063 581 2126 οὐκ
609 2063 735 2135 ἐῶντες.
783 2057 842 2124 Ριο
868 2060 992 2136 ἐξιέναι
1017 2057 1117 2142 paullo
1142 2057 1334 2124 tolerabilius
1357 2065 1404 2124 est

284 2171 365 2254 quod
390 2171 534 2236 exhibent
561 2172 631 2237 libri
654 2172 816 2236 doteriores
838 2176 1021 2251 ἐπεξιέναι,
1045 2173 1098 2237 sed
1122 2179 1280 2251 neutrum,
1304 2174 1330 2237 si
1354 2196 1402 2238 me

288 2285 390 2362 audis,
416 2285 537 2371 scripsit
560 2286 674 2365 Thou,
700 2287 752 2371 qui
775 2287 921 2352 lectorum
946 2310 1069 2354 suorum
1089 2288 1254 2372 sagacitate
1271 2289 1402 2352 conlisus

284 2400 386 2464 omisit
409 2423 490 2466 more
515 2403 702 2480 Atticorum,
729 2403 810 2487 quod
834 2403 924 2468 unius
947 2405 1092 2489 cuiusque
1115 2410 1220 2468 erate
1250 2426 1403 2489 praegres-

284 2516 326 2580 sis
349 2518 495 2601 supplere.
541 2517 719 2603 Byzantinis
743 2519 794 2583 ille
817 2542 878 2583 non
903 2518 1061 2585 scribebat.
1087 2519 1159 2584 Non
1185 2519 1284 2584 minus
1308 2519 1402 2584 iuter-

283 2630 447 2715 polationis
472 2632 643 2716 suspicione
674 2655 721 2698 mc
753 2633 853 2697 iudice
877 2641 1058 2716 premuntur
1081 2655 1158 2717 quae
1180 2633 1327 2717 languide
1353 2633 1403 2697 ad·

284 2744 407 2810 haerent
430 2747 580 2832 principio
604 2747 713 2832 capitis
737 2749 906 2830 sequentis:
932 2749 1094 2831 Περικλῆς
1120 2746 1148 2815 δ’
1172 2755 1254 2834 ὁρῶν
1272 2755 1331 2832 μὲν
1349 2751 1405 2815 αι)-

282 2864 355 2937 τούς
385 2899 429 2908 -
465 2865 501 2928 οὐ
529 2872 665 2945 τᾶριστα
694 2871 911 2948 φρονοῦντας,
936 2868 1094 2931 πιστεύων
1120 2865 1154 2930 δι’
1183 2865 1319 2950 ὀρθῶς
1344 2893 1405 2946 γι·
1474 2917 1477 2920 .

283 2981 494 3056 γνῶσκειν
529 2975 615 3062 [περὶ
649 2988 703 3043 τοῦ
735 2986 775 3062 μὴ
811 2977 989 3060 ἐπεξιέναι]
1017 2984 1084 3043 κτὲ.
1110 2974 1158 3040 Of.
1182 2975 1235 3040 ΠΙ
1260 2978 1300 3041 16
1324 2978 1341 3060 ᾧ
1366 2978 1404 3047 1,

283 3091 425 3176 δηλῶσαι
449 3091 638 3177 βουλόμενοι
662 3097 729 3158 ὅτι
754 3095 827 3157 οὐκ
852 3096 988 3178 ὀρθῶς
1015 3097 1239 3171 ἐγνώκασι.
1267 3093 1405 3156 Aunoba-

284 3204 422 3268 tiuncula
444 3205 508 3288 peti
531 3205 635 3288 potuit
661 3228 698 3269 ex
721 3205 817 3290 ipsius
840 3206 969 3270 auctoris
990 3205 1090 3270 verbis
1113 3205 1148 3269 II
1172 3206 1214 3271 55
1240 3213 1317 3270 extr.
1341 3216 1405 3273 Πε-

283 3321 392 3402 ρικλῆς
416 3322 449 3386 δὲ
472 3327 648 3406 στρατηγός
670 3326 715 3390 ῶν
742 3328 794 3387 καὶ
821 3330 891 3388 τότε
915 3327 987 3406 περὶ
1012 3328 1070 3406 μὲν
1096 3329 1151 3388 τοῦ
1177 3329 1217 3407 μὴ
1242 3323 1405 3399 ἐπεξιέναι

285 3433 372 3515 [τούς
385 3433 595 3519 Ἀθηναίους
613 3435 692 3500 delet
708 3436 820 3522 Cobet]
842 3445 902 3522 τὴν
921 3443 1023 3522 αὐτὴν
1044 3443 1177 3524 γνώμην
1201 3435 1284 3524 εἶχεν
1301 3439 1406 3518 ὥσπερ

282 3553 332 3630 (an
357 3548 495 3633 ἣνπερξ)
519 3557 573 3616 καὶ
599 3556 633 3619 ἐν
662 3564 701 3639 τῇ
726 3556 865 3638 προτέρα
893 3541 1008 3639 influis}
1033 3559 1096 3618 κτὲ.
1124 3549 1182 3615 Sed
1205 3549 1407 3614 aliudemen·

282 3663 414 3727 dandum
453 3671 548 3729 restat
577 3688 639 3751 cap.
669 3672 709 3733 21
739 3670 756 3752 p
782 3671 802 3733 3
825 3669 858 3732 in
885 3667 1056 3732 vocabulis:
1086 3662 1132 3735 ὧν
1157 3671 1339 3751 ἀκροᾶσθαι
1364 3673 1407 3742 ῶς

213 3867 215 3872 Ι
279 3780 411 3857 ἕκαστος
435 3784 607 3867 ὢργητο,
629 3781 678 3846 ubi
705 3783 788 3848 verbi
811 3788 912 3868 ὀργᾶν
938 3789 1043 3847 contra
1067 3781 1203 3846 omnium
1227 3780 1406 3864 scriptorum

282 3913 369 3955 usum
393 3894 442 3976 (ex
471 3895 519 3960 his
544 3897 580 3963 of.
607 3897 665 3962 Dio
689 3897 773 3964 Cass.
800 3902 862 3977 41,
886 3900 927 3964 56
950 3900 967 3982 b
991 3899 1011 3963 3
1035 3904 1066 3961 et
1090 3900 1142 3974 47,
1165 3897 1206 3962 38
1230 3898 1247 3980 ᾧ
1271 3897 1303 3980 1)
1321 3917 1407 3958 usur-

282 4014 373 4090 patur
399 4027 495 4088 genus
509 4011 654 4076 medium.
678 4012 758 4076 Vide
782 4013 830 4076 IV
856 4014 919 4078 108
944 4013 960 4095 b
985 4015 1004 4076 6
1030 4017 1060 4073 et
1084 4008 1165 4072 VIII
1190 4011 1247 4091 hb
1268 4012 1296 4073 2·
1323 4007 1407 4086 QUO*

283 4120 360 4184 circa
392 4144 408 4185 e
443 4123 529 4188 libris
561 4126 765 4192 deterioribus
798 4147 940 4211 reponere
973 4125 1069 4211 possis
1103 4127 1247 4209 ὥρμητο,
1272 4122 1330 4187 nisi
1355 4122 1407 4186 ali-

282 4243 397 4319 quanto
427 4247 506 4302 esset
531 4240 715 4325 probabilius
744 4242 823 4305 hanc
846 4241 1010 4305 lectionem
1034 4259 1098 4302 esse
1113 4238 1263 4321 glossema
1280 4237 1408 4321 genuini

285 4348 421 4415 vocabuli
446 4359 565 4438 ὤργα.
591 4355 784 4462 Optimopum
807 4355 953 4420 librorum
977 4354 1158 4438 scripturam
1179 4351 1328 4435 originem
1352 4353 1408 4418 du-

286 4537 352 4578 cere
387 4518 521 4598 suspicor
550 4543 587 4586 ex
618 4521 674 4584 hac
704 4465 834 4602 ῶφρξμγηῶο.
872 4517 1123 4599 quemadmodum
1146 4516 1193 4581 IV
1216 4519 1235 4582 9
1260 4513 1407 4600 (ἄκολον-

287 4638 408 4714 θησατε
447 4639 612 4725 ἀνδρείως]
652 4633 742 4697 lectio
780 4631 893 4696 codicis
929 4632 1147 4717 Lugdunensis
1179 4633 1406 4714 γενδρείιος

141 5040 580 5212 ΛἹ,
