3190 5232
824 427 865 506 70

282 665 336 714 τος
362 637 431 720 [καί
455 635 667 723 μαχομένου],
701 653 778 716 quae
794 632 938 697 voeabula
955 656 1015 698 uon
1032 641 1152 699 tantum
1168 633 1271 698 addita
1286 632 1404 698 exstin-

183 741 186 747 ’
285 759 385 838 guunt
407 752 511 815 lumen
535 747 681 812 orationis
705 747 759 810 sed
783 747 874 811 etiam
892 748 1079 814 subabsurda
1103 755 1187 824 sunt,
1206 749 1250 813 ite
1273 748 1402 825 adiecta,

236 927 240 936 .
285 866 374 953 quasi
397 872 432 932 τό
459 869 549 931 ἐπιὸν
571 867 702 947 ὕστερον
727 883 787 925 non
812 862 927 925 veniret
950 862 1051 926 animo
1076 862 1195 926 hostili.
1243 861 1313 946 Ipse
1330 883 1403 925 sane

286 981 397 1055 Thoe,
423 979 448 1041 si
472 999 525 1042 sua
549 987 665 1052 essent,
691 976 873 1059 scripsisset:
892 983 946 1044 καί
970 981 1155 1065 μαχομένου
1181 963 1265 1063 ἤδη.
1289 1015 1332 1026 -
1357 976 1403 1040 Ad

286 1095 378 1160 verba
402 1094 500 1158 vicina
521 1099 575 1158 καί
599 1097 747 1176 ὑμεῖς-
766 1095 918 1178 ἀνδρείως
940 1093 1008 1156 vide
1032 1114 1110 1177 quae
1133 1115 1223 1177 supra
1248 1092 1402 1158 annotavi.

286 1212 324 1274 In
347 1211 400 1288 iis,
424 1231 500 1292 quae
525 1207 629 1272 statim
645 1207 891 1290 subsequuntur,
912 1208 1016 1292 utique
1032 1208 1213 1293 recipienda,
1231 1231 1322 1292 quam
1340 1206 1404 1272 edi·

285 1334 365 1389 tores
395 1329 594 1408 spreverunt,
620 1321 740 1386 Stobaei
773 1319 877 1385 lectio:
907 1329 961 1389 καί
987 1328 1137 1406 νομίσατε
1170 1323 1295 1407 (τρία)
1319 1321 1403 1390 εἶναι

286 1449 341 1509 τοῦ
365 1440 472 1515 καλῶς
496 1438 647 1522 πολεμεῖν
674 1443 709 1504 τό
736 1438 862 1505 ἐθέλειν
892 1445 946 1504 καί
972 1444 1006 1505 τό
1030 1445 1242 1524 αἶσχόνεσθαι
1268 1446 1321 1506 καί
1344 1441 1405 1519 (τό)

286 1563 352 1630 τοῖς
376 1561 511 1639 ἄρχουσι
547 1555 740 1629 πείθεσθαι,
774 1552 889 1616 inserto
915 1552 953 1616 de
986 1573 1053 1616 meo
1076 1552 1220 1628 articulo,
1250 1553 1304 1637 qui
1335 1558 1406 1615 ante

287 1678 354 1744 τοῖς
379 1666 506 1751 proclivi
530 1687 627 1730 errore
650 1667 767 1751 elapsus
784 1673 839 1730 est.
871 1666 1034 1731 Numerele
1058 1667 1089 1731 in
1112 1667 1318 1732 huiuscemodi
1340 1689 1406 1731 sen-

287 1783 391 1849 tentiis
424 1805 441 1847 a
485 1777 610 1847 Graecis
634 1781 706 1847 addi
730 1781 827 1857 solet,
849 1803 948 1865 neque
970 1780 1161 1867 Thucydides
1197 1782 1255 1846 hac
1276 1781 1308 1846 in
1334 1803 1407 1845 rea

287 1899 469 1984 reliquorum
494 1921 550 1962 usu
576 1897 712 1961 discedit.
734 1895 764 1959 '1
789 1899 830 1960 74
853 1899 869 1978 δ
894 1899 911 1960 1
937 1901 1035 1982 τρία
1059 1905 1099 1965 τὰ
1123 1899 1359 1983 ὠφελιμώτατα
1375 1902 1406 1972 ἐς

288 2016 367 2082 αὐτό
403 2021 628 2100 παρεσχόμεθα
668 2015 807 2098 οίριθμόν
840 2039 873 2076 τε
906 2017 987 2106 νεῶν
1021 2013 1173 2081 πλεῖστον
1210 2018 1265 2078 καί
1299 2012 1405 2098 ἄνδρα

288 2133 468 2214 στρατηγόν
507 2130 732 2205 ξυνετῶτατον
765 2131 819 2190 καί
852 2130 1040 2210 προθυμίαν
1076 2129 1292 2210 οίοκνοτάτην.
1317 2124 1405 2189 ΟλΙ

289 2239 353 2303 122
377 2259 422 2322 pr.
454 2239 506 2300 fin.
543 2245 672 2323 τριῶν
706 2243 771 2305 τῶν
807 2243 963 2321 μεγίστων
995 2241 1166 2324 ξυμφορῶν
1198 2239 1407 2321 ἀπήλλακται

290 2357 463 2432 οἱξυνεσίας
496 2361 516 2437 ἦ
546 2353 708 2436 μαλακίας
742 2362 761 2437 ἡ
785 2353 944 2436 α’μελείας.
970 2352 1057 2416 Adde
1081 2353 1239 2437 11140t
1265 2356 1303 2430 1,
1328 2355 1410 2438 όδδ

293 2473 311 2532 2
336 2475 367 2530 et
392 2467 455 2544 IV,
481 2469 523 2532 64
547 2473 624 2530 extr.
651 2466 731 2530 Fieri
755 2463 851 2550 igitur
874 2474 976 2551 potest
999 2475 1034 2531 ut
1058 2491 1120 2531 non
1143 2469 1233 2532 aliter
1257 2469 1411 2552 scripserit
1455 2464 1457 2469 ’

293 2583 389 2647 Thus.
421 2581 437 2643 I
470 2585 510 2661 76
536 2581 634 2644 med.:
658 2587 720 2650 ὑπό
751 2583 906 2681 (τριῶν)
932 2590 997 2652 τῶν
1020 2589 1178 2668 μεγίστων
1204 2587 1411 2672 νικηθέντες,

289 2709 380 2786 τιμῆς
412 2706 466 2766 καί
492 2701 584 2775 δέους
612 2706 666 2765 καί
694 2701 861 2781 ὠφελείας.
889 2698 934 2765 Cf.
957 2700 1047 2764 etiam
1071 2701 1124 2765 ΠΙ
1148 2704 1189 2766 42
1214 2703 1230 2786 ᾧ
1256 2705 1283 2766 1.
1308 2699 1414 2784 Pergit

292 2821 407 2878 orator:
435 2821 489 2880 καί
515 2817 590 2898 τῇδε
617 2824 692 2897 ἡμῖν
709 2823 748 2898 τῇ
768 2817 868 2900 ἡμέρᾳ
884 2825 905 2899 τί
921 2821 941 2881 ci
951 2825 1106 2896 γαθοίς
1123 2819 1307 2901 γενομένοις
1325 2817 1413 2883 ἐλευ-

292 2934 408 3014 θερίαν
427 2957 459 2994 τε
476 2935 632 3016 ὑπάρχειν
651 2935 726 3006 κτί,
744 2927 796 2991 uhi
813 2938 955 2992 constans
970 2928 1152 2993 Graecorum
1170 2951 1242 2993 usus
1259 2929 1410 3013 postulat:

288 3050 309 3127 ’i'
345 3043 578 3126 (σίνδράσιν)
609 3045 798 3123 οὲχαθοῖς
823 3044 1025 3127 μενόμένοις,
1053 3050 1088 3106 ut
1111 3042 1276 3108 rectissime
1300 3043 1411 3128 legitur

290 3156 322 3219 in
346 3154 545 3241 praegressis:
573 3164 626 3222 καί
653 3159 747 3234 αὐτὸς
773 3185 806 3224 τε
831 3162 935 3242 ἀνὴρ
967 3163 988 3222 α’
997 3164 1116 3238 γαθὸς
1135 3162 1259 3240 1μίμνον
1284 3167 1350 3224 κτὲ.
1374 3160 1410 3242 l).

333 3267 405 3353 Cap.
436 3272 477 3334 10
505 3269 572 3333 init.
601 3268 679 3332 Vide
703 3271 772 3334 adu.
801 3269 839 3333 ad
866 3269 912 3333 IV
940 3274 992 3335 21.
1017 3271 1034 3354 δ
1061 3274 1080 3336 2
1104 3271 1233 3336 absurde
1251 3271 1410 3338 scribitur:

299 3387 408 3452 ’ίππιαν
435 3382 467 3450 τε
495 3387 618 3460 πόδες
643 3386 1195 3471 πολλοί-ὑποφαίνονται.
1236 3386 1410 3471 Elegantem

293 3519 408 3562 mecum
422 3498 662 3563 emendationem
676 3499 912 3563 communicavit
924 3499 1044 3562 Naher:
1071 3503 1211 3578 σποδός
1236 3503 1355 3585 πολλὴ
1373 3541 1408 3550 -

290 3619 595 3698 ὑποφαίνεται,
622 3637 680 3697 qua
703 3613 790 3698 plane
815 3614 943 3677 solvitur
962 3614 1020 3677 loci
1047 3609 1218 3680 difficultas.
1256 3616 1340 3692 †Ib.
1358 3619 1406 3701 δέ)

293 3728 341 3806 οίς
365 3737 425 3816 μὰρ
450 3769 493 3778 -
517 3736 590 3807 τοός
618 3737 783 3805 ἐπιόντας.
824 3728 976 3792 Redolent
1001 3730 1072 3792 haee
1094 3729 1184 3793 verba
1207 3731 1407 3814 interpretem.

294 3845 343 3909 Ad
367 3868 429 3909 rem
455 3846 492 3910 of.
517 3845 584 3910 Liv.
610 3844 656 3907 IV
680 3845 721 3908 37
747 3846 761 3924 d
786 3846 835 3908 10.
860 3844 880 3910 †

338 3957 415 4042 Cap.¹
444 3962 485 4024 16
518 3961 534 4042 ᾧ
567 3962 585 4024 6
614 3961 668 4026 διὰ
693 3966 751 4041 τὴν
775 3964 808 4024 ἐκ
833 3970 887 4042 τῆς
914 3963 1072 4042 Ἀττικῆς
1098 3987 1175 4026 ποτε
1199 3968 1279 4044 μετὰ
1303 3962 1406 4044 δώρων

300 4074 489 4158 [δοκοῦσαν]
521 4078 739 4161 οὶναχῶρησιν.
776 4072 889 4136 Graece
917 4073 961 4136 sio
985 4072 1044 4136 dici
1065 4072 1171 4157 nequit
1194 4094 1248 4156 pro
1272 4101 1300 4139 τ.
1324 4103 1355 4156 μ.
1382 4075 1406 4139 δ.

334 4349 358 4407 l)
379 4349 445 4410 Apud
474 4346 584 4410 Xenoph.
611 4347 700 4410 Cyrop.
729 4349 776 4396 VII
803 4351 812 4408 λ
835 4350 875 4396 11:
895 4343 987 4400 είνσεν·
1008 4333 1026 4398 ai
1045 4348 1175 4416 ἄνδρες
1194 4377 1226 4387 —-
1247 4351 1401 4417 κτήσασθαι.

291 4435 369 4490 Ἀλλ’
380 4424 425 4506 [oi]
435 4439 534 4507 ἄνδρες
546 4440 651 4502 ἀγαθοί
665 4439 813 4503 γενώμεθα
823 4441 880 4492 κτὲ.
894 4443 1020 4491 abiicienda
1032 4441 1162 4493 interiectio
1175 4460 1295 4507 perperam
1307 4443 1402 4505 repetita.

295 4535 331 4585 Oi.
358 4538 369 4596 §
391 4536 420 4583 12
438 4539 448 4596 t
467 4535 498 4582 32
516 4537 526 4596 §
544 4535 574 4582 41
596 4538 662 4598 (ter).
684 4535 748 4597 Apud
768 4541 874 4587 nostrum
892 4538 978 4586 iterum
996 4539 1105 4607 ἀνδρῶν
1124 4539 1242 4587 iuraretur
1259 4538 1291 4585 lv
1310 4538 1342 4585 92
1356 4541 1365 4597 5
1381 4539 1398 4583 6.
