3166 5230
728 534 790 597 131

199 719 288 784 fectis
326 719 472 803 parebant
514 719 625 784 milites
657 719 835 786 dicebantur
866 725 982 798 πέντε,
1024 725 1059 803 ἕξ
1071 772 1080 803 ,
1117 726 1213 803 δέκα,
1245 734 1315 792 cett.

200 832 400 916 Supranl
419 841 450 898 et
470 836 511 901 98
527 857 582 920 pro
606 839 893 924 βοιωτάρχαις
916 842 947 900 et
969 841 1228 927 βοιωτάρχαι
1254 862 1318 904 cor·

201 947 298 1030 rigam
320 955 603 1038 βσισστάρχοις
627 956 658 1012 et
687 957 966 1039 βοιώταρχοι.

247 1061 320 1147 Cap.
346 1067 386 1128 77
410 1071 528 1150 οἱμσθεί
552 1065 628 1128 male
651 1071 804 1149 receptum
821 1086 876 1149 pro
898 1069 999 1148 ολμόθι
1017 1087 1040 1130 s.
1058 1073 1159 1151 ἁμόῦι
1183 1073 1215 1130 et
1233 1067 1320 1152 peius

202 1175 380 1260 explicitum
410 1177 447 1242 ab
471 1178 620 1244 Ahrensio
638 1183 868 1258 ἀστασιάστοις,
886 1179 1034 1264 siquidem
1051 1185 1086 1247 τὸ
1101 1184 1319 1259 α’στασιάστως

201 1293 445 1379 βουλεύσασθαι
477 1293 617 1378 imperari
640 1294 728 1358 sociis
752 1316 813 1358 non
836 1300 971 1378 poterat,
997 1301 1118 1378 poterat
1140 1304 1176 1363 τὸ
1198 1303 1319 1384 cipedo,

203 1406 223 1472 i.
249 1428 276 1471 e.
303 1419 407 1494 κοινῇ.
453 1407 499 1474 Of.
525 1407 553 1470 V
576 1411 617 1473 47
641 1412 657 1494 q
682 1411 701 1475 9
725 1416 757 1473 et
783 1411 825 1476 80
849 1410 865 1493 q
891 1410 1030 1496 1(ἅμα),
1051 1431 1127 1494 quos
1143 1410 1225 1475 locos
1242 1433 1326 1476 eom·-

203 1521 321 1607 paravit
344 1523 451 1588 Didot.
485 1523 552 1588 Vox
574 1524 703 1589 formata
727 1531 761 1588 ut
783 1530 855 1604 ὅθι,
882 1525 1013 1603 αὐτόθι,
1038 1525 1173 1605 ἄλλοθι,
1200 1526 1319 1592 similia.

250 1635 317 1700 Lib.
342 1635 388 1701 VI
405 1641 423 1702 2
440 1644 518 1703 extr.
543 1641 712 1706 Σολόεντα
735 1638 768 1702 iu
792 1637 936 1722 scriptore
953 1638 1059 1702 Attico
1075 1661 1135 1703 non
1154 1639 1319 1706 ferendum.

205 1751 339 1816 Scribam
360 1753 553 1828 Σολοῦντα,
578 1759 614 1816 ut
638 1751 818 1830 Ὀποῦντα,
841 1754 1062 1833 Σελινοῦντα,
1085 1761 1296 1838 Λαφνσῦντα.

250 1867 322 1951 Cap.
347 1869 400 1931 43.
425 1867 618 1937 Ῥοδίσιν
642 1874 925 1954 πεντηκοντόροιν.
949 1865 1050 1930 Locus
1067 1866 1154 1931 valde
1174 1889 1322 1932 memora·

205 1981 273 2046 bilis
296 1989 328 2045 et
351 1980 505 2066 quantivis
530 1982 620 2065 pretii
644 1981 850 2047 emendaturis
872 1987 990 2045 veteres
1015 1982 1187 2067 scriptores.
1212 1983 1322 2048 Veram

203 2097 286 2162 euim
302 2097 428 2160 formam
445 2096 562 2160 numeri
579 2095 695 2174 dualis,
714 2095 840 2180 quaein
861 2095 1033 2172 adiectivis,
1051 2096 1236 2182 participiis,
1254 2118 1323 2180 pro-

202 2209 396 2290 nominibus,
422 2210 552 2276 articulo
571 2212 631 2276 fuit
647 2211 781 2297 antiquis
797 2211 852 2276 Gr.
869 2211 1051 2290 communis,
1075 2213 1105 2278 h.
1119 2213 1140 2278 l.
1165 2219 1324 2276 servarunt

81 2389 87 2401 ,
159 2387 164 2398 ,
201 2325 332 2404 librarii,
357 2347 417 2390 nou
442 2326 579 2390 videntes
602 2335 874 2414 πεντηκοντόροιν
898 2349 962 2392 esse
987 2328 1107 2412 generis
1130 2327 1279 2392 feminini.

247 2440 323 2526 Cap.
350 2444 392 2506 54
417 2442 620 2527 ἐπεμέλοντο.
655 2441 702 2508 (li.
727 2441 791 2506 VH
815 2441 857 2507 39
882 2445 1141 2529 ἐπιμελομένους.
1166 2443 1225 2506 His
1250 2443 1323 2507 solis

204 2558 281 2622 locis
304 2557 417 2621 scribae
440 2563 638 2641 pepercerunt
660 2557 765 2621 formis
788 2557 915 2623 vetustis
932 2565 962 2622 et
981 2581 1052 2622 sana
1067 2557 1235 2622 nitentibus
1253 2581 1325 2623 nna·

204 2671 297 2755 logia.
344 2673 386 2734 At
409 2669 455 2734 Ill
480 2672 543 2736 118
569 2678 600 2734 et
622 2670 669 2733 VI
694 2674 734 2737 91
764 2672 877 2757 legitur
900 2674 1144 2758 ἐπιμελεῖσθαι,
1172 2671 1254 2736 VIII
1282 2673 1323 2738 39

205 2787 510 2872 ξονεπιμελεῖσθαι,
546 2784 610 2848 VII
641 2788 660 2852 8
689 2788 890 2872 ἐπεμελεῖτο,
925 2808 999 2870 quas
1029 2785 1139 2850 formas
1170 2785 1323 2850 Dindcrfli

204 2903 271 2966 iure
296 2900 447 2966 veteribus
470 2899 585 2965 Atticis
608 2900 829 2966 abiudicarnnt.
876 2901 1004 2986 Egregie
1019 2923 1115 2985 nuper
1131 2901 1188 2966 hoc
1204 2922 1323 2987 quoque

97 3087 100 3094 ¹
207 3020 384 3100 argumento
408 3013 591 3080 Guilielmus
614 3014 647 3078 in
667 3015 714 3079 ed.
738 3016 767 3077 V
791 3016 983 3080 Scenicorum
1006 3024 1077 3101 post
1098 3015 1273 3080 Nauckium
1293 3015 1325 3077 in

207 3129 383 3194 Phoenissis
406 3128 578 3213 Iluripidcis
601 3129 777 3214 proscripsit
800 3151 859 3196 vss.
884 3130 948 3196 555
972 3151 1039 3214 sqq.
1071 3123 1159 3197 οὗτοι
1186 3167 1227 3175 -
1253 3135 1327 3212 ἔφη’·

205 3273 317 3332 μερσς,
353 3242 462 3326 quibus
491 3243 567 3306 male
594 3243 829 3328 interrumpitur
853 3243 939 3308 filum
968 3242 1260 3328 argumentationis?
1283 3279 1326 3288 —

207 3358 255 3424 Of.
283 3358 397 3421 Moeris
428 3357 451 3420 i.
478 3380 505 3422 v.
538 3361 744 3445 ε’πιμέλοο
775 3381 805 3444 p.
836 3361 899 3426 148
928 3365 960 3422 et
987 3358 1118 3422 Thomas
1142 3358 1226 3444 Mag.
1254 3358 1274 3423 i.
1300 3380 1326 3421 v.

209 3474 480 3559 ἐπιμέλομαι

255 3587 330 3672 Cap.
359 3590 399 3654 61
432 3597 641 3675 περιεστήκει.
687 3595 831 3677 Εἱστήκη
863 3589 987 3673 eiusque
1017 3586 1183 3674 composita
1215 3586 1328 3671 ubique

211 3701 342 3768 scribam
366 3725 421 3788 per
442 3702 679 3788 diphthongum.
771 3713 776 3726 '

256 3817 330 3903 Cap.
355 3821 397 3884 64
421 3820 551 3888 εῦνόων.
600 3819 684 3882 Bene
710 3825 810 3888 εὔνων
839 3819 910 3884 libri
935 3818 1061 3903 peiores,
1106 3825 1226 3895 Εῦνσις
1249 3824 1330 3882 recte

211 3933 313 3998 editur
336 3934 364 3996 V
389 3937 469 4013 106,
495 3940 609 4003 εὔνουν
633 3933 675 3998 ib.
702 3936 765 4002 109
789 3942 820 3997 ot
843 3933 932 4013 alibi,
957 3930 1043 4003 εῦνσι
1068 3931 1114 3996 VI
1138 3936 1191 4000 88.

255 4046 329 4133 Gap.
348 4049 389 4114 69
411 4049 689 4131 σαλπιγκταί.
714 4048 903 4133 Phrynichus
926 4048 972 4114 ed.
988 4047 1063 4112 Iob.
1080 4070 1110 4132 p.
1128 4050 1210 4113 191:
1239 4047 1331 4114 σαλ·

209 4174 382 4248 πικτής·
407 4169 442 4231 τὸ
467 4167 598 4248 canapeo
626 4167 680 4231 διὰ
704 4175 759 4232 τοῦ
783 4192 802 4228 ιι
826 4171 892 4230 aad.
927 4163 1041 4227 Moeris
1064 4185 1094 4248 p.
1124 4164 1206 4228 354:
1225 4171 1258 4228 Σ
1265 4161 1330 4228 αλ-

211 4287 365 4362 πιιιτὴς
389 4278 575 4356 Ἀττικῶς,
598 4278 775 4361 σαλπιστὴς
800 4277 1014 4364 Ἑλληνικῶς.
1055 4276 1133 4341 Vide
1157 4272 1331 4341 Passoviani

211 4390 316 4456 Lexici
339 4391 387 4456 ed.
413 4393 440 4454 V
465 4398 539 4456 tam.

260 4503 330 4590 Cap.
356 4506 408 4572 85.
456 4506 515 4569 Pro
538 4519 664 4592 παρσχῆ
688 4527 758 4569 cum
780 4503 896 4568 Cobeto
920 4525 1062 4588 reponam
1085 4514 1268 4592 παροκωχῇ.

261 4619 334 4706 Cap.
358 4622 401 4687 94
424 4630 635 4707 πιμπραντες.
657 4617 704 4684 Cf.
729 4619 746 4684 I
770 4621 823 4700 30,
847 4621 900 4702 49,
927 4621 1001 4694 108.
1047 4616 1180 4686 Verbum
1207 4615 1334 4703 simplex

1153 4735 1201 4808 9¹11·
