3190 5232
725 493 767 560 23

190 686 258 765 post
281 687 439 767 εἰκαστής,
464 682 576 769 quippe
599 705 657 768 qne
678 706 738 748 non
759 683 923 749 liberemur
936 682 1124 775 intolerabili
1140 681 1231 748 huius
1246 680 1306 746 loei

190 798 381 862 eneoolntho.
410 799 608 864 Scribendum
626 799 779 884 suspicor:
802 809 968 886 κράτιστος
989 806 1126 886 μνόιμων
1148 795 1217 885 (ἦν)
1236 803 1304 876 καὶ,

189 933 248 995 quo
272 912 350 976 lueto
373 913 472 977 omniu
496 921 575 978 reete
594 914 768 999 procedent.

232 1025 304 1110 Cup.
343 1030 404 1092 141
437 1030 454 1110 d
486 1030 516 1093 3.
549 1036 602 1096 καλ
629 1036 821 1097 οἱτοιοῦτοι
846 1035 917 1096 οὔτε
943 1041 1020 1108 ναός
1045 1030 1305 1114 πληροῦντες

187 1149 259 1209 οὔτε
294 1146 392 1220 πεζὰς
422 1150 574 1228 στρατιὰς
606 1146 761 1225 πολλάκις
793 1148 969 1230 ἐκπέμπειν
998 1148 1168 1213 δύνανται.
1204 1141 1302 1205 Immo

187 1259 393 1344 πληροῦν,
419 1259 500 1342 quod
523 1259 560 1323 de
582 1259 713 1345 pedestri
739 1261 874 1324 exercitu
897 1281 957 1324 non
983 1259 1105 1323 dieitur.

231 1371 303 1456 Cap.
330 1376 391 1438 142
416 1375 433 1456 δ
458 1377 488 1439 2.
513 1383 586 1459 τὴν
613 1380 672 1458 μέν
698 1382 758 1460 γὰρ
783 1377 924 1462 χαλεπόν
949 1383 1002 1442 καλ
1032 1381 1066 1443 ἐν
1084 1380 1191 1460 εέρηνη
1208 1372 1303 1439 πόλιν

186 1488 367 1555 ἀντίπαλον
396 1497 716 1574 παρασκευάσασθαι.
766 1487 878 1552 Procul
903 1487 995 1552 dubio
1015 1509 1117 1552 verum
1134 1493 1180 1550 est
1192 1501 1229 1572 τῇ
1246 1492 1304 1570 μὲν

186 1609 252 1668 xre.
288 1601 308 1666 i.
340 1623 366 1666 e.
398 1613 437 1687 τῇ
467 1607 664 1690 ἐπιτειχίσει,
699 1623 797 1685 neque
832 1601 975 1666 audiendi
1014 1603 1192 1686 interpretes
1221 1600 1305 1663 miris

185 1715 282 1779 modis
308 1716 460 1800 vulgatam
484 1716 643 1780 lectionem
668 1717 863 1800 explicantes.

228 1837 248 1906 †
265 1828 335 1914 Cup.
362 1833 426 1896 144
451 1833 467 1913 ᾧ
491 1833 512 1896 3
536 1838 612 1897 exe.
635 1838 846 1920 ἄρχοντας
870 1834 898 1898 δ’
912 1835 1124 1916 ἀμυνούμεθα
1141 1851 1195 1914 pro
1211 1833 1302 1916 (ἐρχο-

183 1948 298 2029 μένους
322 1945 483 2028 legendum
507 1967 570 2009 esse
594 1946 696 2008 monui
714 1946 747 2009 in
769 1946 857 2011 Anal.
881 1946 949 2011 erit.
975 1970 1005 2030 p.
1030 1948 1050 2012 3
1073 1954 1110 2023 †,
1136 1953 1205 2029 post
1221 1945 1304 2010 Reis-

183 2059 287 2138 kium,
313 2067 347 2124 ut
370 2061 458 2126 donet
482 2084 529 2124 me
552 2061 707 2146 Popponis
731 2063 901 2128 annotatio.
927 2061 973 2126 Of.
999 2083 1064 2145 esp.
1091 2063 1131 2127 78
1149 2070 1225 2124 extr.
1270 2121 1279 2140 ,

601 2483 643 2528 rs
675 2485 801 2530 nrnno
832 2465 876 2530 II.

222 2651 293 2738 Cap.
318 2657 337 2717 2
362 2655 378 2736 ᾧ
404 2656 433 2717 1.
458 2662 502 2739 τῷ
528 2657 561 2720 δέ
590 2657 726 2742 πέμπτῳ
750 2662 804 2721 καὶ
830 2659 953 2742 δεκάτῳ
981 2657 1091 2741 [ἐ’τει].
1116 2655 1295 2738 Intelligen-

180 2768 251 2832 dum
277 2772 340 2835 ἔτει
365 2791 381 2832 e
404 2769 559 2853 superiore
583 2774 651 2857 ἐτη,
679 2791 739 2833 non
764 2769 967 2835 scribendum.

222 2881 295 2966 Cep.
321 2884 340 2947 3
365 2885 383 2966 δ’
408 2887 437 2948 2.
470 2884 592 2970 supple:
620 2891 673 2950 καὶ
698 2893 851 2970 ἐνόμισαν
874 2888 940 2966 (δι-ν)
968 2888 1155 2970 ἐπιθέμενοι
1182 2887 1299 2971 ῥᾳδίως

178 3012 343 3085 κρατῆσαι.
375 2995 421 3060 Of.
454 2997 488 3062 H
519 3003 559 3065 81
592 3002 608 3083 δ
640 3001 660 3063 3
693 3005 846 3085 ἐνόμισαν
872 3003 1021 3086 αὐτοβοεὶ
1046 3005 1089 3068 διν
1119 3008 1178 3083 τὴν
1201 2999 1298 3066 πόλιν
1329 3037 1332 3040 -

176 3116 272 3181 ἑλεῖν.
297 3112 444 3176 Similiter
466 3136 530 3198 cap.
556 3118 598 3178 24
621 3118 637 3198 δ
662 3118 679 3179 1
704 3114 868 3196 corrigam:
893 3119 1078 3198 νομίζοντες
1097 3118 1231 3199 ἥκιστ’
1246 3122 1297 3181 ἂν

178 3228 245 3310 (pro
272 3231 400 3313 ἣκιστα)
425 3240 506 3311 σφᾶς
532 3269 572 3276 -ν-
594 3233 801 3312 δπστοπῆσαι
822 3236 886 3295 κτέ.

221 3339 295 3425 Cup.
320 3345 340 3406 4
365 3344 382 3424 δ
408 3346 436 3406 2,
474 3349 505 3410 οἱ
536 3345 570 3409 δέ
597 3351 680 3410 κατὰ
713 3345 816 3418 πέλας
844 3349 977 3430 ἐρήμους
1001 3349 1156 3425 γυναικὸς
1181 3346 1294 3430 δοιλσης

177 3458 316 3526 πέλεκυν
339 3459 497 3534 λαθόντες
524 3459 607 3541 [καὶ]
633 3461 853 3542 διακόψαντες
878 3465 935 3526 τόν
960 3460 1079 3546 μόχλον
1103 3460 1241 3542 ἐξῆλθον
1260 3462 1296 3524 οὐ

176 3574 303 3652 πολλοὶ,
326 3581 391 3640 xri.
416 3573 605 3637 Sententiam
626 3572 832 3658 pessumdedit
852 3573 1065 3657 interpositum
1083 3595 1099 3635 a
1115 3573 1213 3636 sciolis
1230 3577 1294 3637 καί.

176 3684 221 3750 Cf.
253 3685 306 3750 III
338 3688 378 3752 39
412 3689 429 3770 d
462 3691 490 3752 7.
515 3686 595 3752 Ibid.
621 3693 787 3773 ἐμπείρους
811 3690 995 3776 δ”ἐχοντες
1019 3693 1093 3762 τους
1116 3690 1296 3762 διώκοντας

177 3803 246 3884 [τοῦ
274 3809 315 3886 μὴ
349 3805 542 3887 tuoruum}
591 3802 639 3865 Ad
664 3807 831 3889 ἐμπείρους
856 3824 872 3865 ο
896 3803 1080 3888 praegressis
1104 3811 1205 3885 repete
1229 3810 1293 3869 τῶν

176 3918 305 3983 διόδων.
354 3915 607 3982 Additamentum
631 3917 719 4001 plene
743 3916 910 3981 absurdum
934 3924 989 3981 est.

220 4027 293 4112 Cap.
319 4031 338 4094 5
365 4032 381 4112 ᾧ
407 4033 435 4095 3.
470 4035 641 4115 Πλαταιῆς
668 4071 707 4080 -
734 4043 856 4117 κη’ρυκα
882 4035 1061 4115 ἐξέπεμπον
1086 4069 1126 4078 -
1153 4033 1294 4112 λέμου-

176 4171 241 4219 τες
270 4149 321 4210 ὅτι
352 4151 424 4212 οὔτε
456 4154 496 4213 τὰ
531 4151 733 4233 πεποιημένα
761 4151 854 4224 ὁσίως
881 4149 1030 4232 δράσειαν
1061 4183 1097 4193 -
1120 4156 1161 4213 τά
1182 4149 1208 4211 τ’
1233 4149 1293 4222 ἔξω

79 4277 83 4288 ’
179 4258 306 4340 [ἔλεγον
340 4262 463 4346 αὐτοῖς]
489 4269 530 4347 μὴ
556 4265 702 4328 ἀδικεῖν·
733 4269 760 4327 εἰ
788 4265 821 4329 δέ
845 4273 904 4347 μη,
929 4268 983 4328 καὶ
1010 4263 1102 4328 αὐτοὶ
1138 4262 1291 4346 [ἔφασαν]

177 4377 284 4441 αὐτῶν
317 4380 391 4451 τούς
422 4379 547 4464 ἄνδρας
574 4385 766 4446 α’ποκτενεῑν
802 4386 869 4447 κτὲ.
917 4379 1068 4463 Expunge
1099 4376 1158 4440 duo
1182 4375 1294 4452 emble·

176 4493 274 4565 meta,
309 4509 437 4571 quorum
472 4491 555 4574 prius
588 4491 745 4556 manifesto
777 4503 865 4556 nocet
895 4492 1053 4556 verborum
1078 4491 1291 4575 compositioni

176 4619 230 4684 per
261 4607 334 4669 οὔτε
366 4639 410 4650 -
434 4632 477 4671 τε.
511 4602 564 4669 Of.
583 4605 652 4670 adn.
677 4606 713 4670 ed
738 4608 755 4672 I
780 4609 842 4672 137
868 4608 885 4690 δ
911 4611 942 4674 2.
970 4605 1116 4672 Similiter
1139 4610 1199 4693 ἔφη
1223 4613 1293 4672 ente
