3190 5232
761 503 801 568 51

223 693 333 756 εὔνοια
371 725 409 735 -
442 693 542 755 ἐποίει
572 710 729 773 perperam
753 697 843 778 ἐπῄει
868 695 915 752 est
937 688 969 751 in
994 684 1175 771 quibusdum
1199 682 1298 747 libris.
1324 682 1344 749 †

223 801 273 864 Ita
292 802 354 865 fere
377 802 482 886 scripsi
505 803 538 866 in
561 807 620 868 An.
645 803 721 870 Crit.
745 827 775 889 p.
798 807 827 869 6.
851 803 951 866 Hodie
967 808 1085 865 servato
1103 803 1204 866 ἐποίει
1224 796 1340 861 malim:

224 922 361 983 ἐποίει
380 922 427 984 τὰ
451 927 521 1001 τῆς
545 919 692 1005 δόξης,
713 917 864 1001 quomodo
886 916 1048 981 scholiasta
1072 913 1191 978 videtur
1213 912 1343 996 legisse,

202 1030 277 1114 'qui
308 1029 458 1114 explieat:
487 1033 635 1118 ἔρρεπε
661 1040 708 1099 τὰ
726 1043 795 1117 τῆς
820 1035 955 1118 δόξης.
993 1030 1032 1093 ut
1060 1035 1160 1097 ἐποίει
1186 1050 1275 1092 sensu
1298 1027 1345 1090 in-

225 1145 384 1210 transitive
406 1178 447 1206 z:
470 1165 602 1233 verpere
626 1147 701 1210 satis
724 1156 829 1212 tuetur
853 1147 936 1210 loeus
960 1145 995 1209 ΙΙ
1019 1151 1049 1211 8.

269 1258 340 1344 Cep.
367 1261 409 1325 13
432 1282 460 1344 p.
485 1261 540 1325 fin.
567 1268 638 1329 οὔτε
663 1268 685 1327 ἃ
707 1265 937 1349 διενοήθησαν,
965 1263 1083 1348 φράξαι
1104 1265 1177 1334 τούς
1194 1257 1341 1334 ἕσπλθνςι

225 1377 340 1462 ἐτοχον
364 1383 569 1458 ποιήσαντες.
596 1375 695 1459 Lege:
722 1382 739 1443 ὃ
764 1379 982 1463 διενόηθησαν
1008 1383 1075 1442 κτὲ.

269 1486 345 1572 Cap.
373 1490 415 1552 14
439 1496 516 1552 extr.
543 1493 657 1575 ἔμενον
681 1499 764 1558 κατὰ
794 1497 901 1579 χώραν
931 1490 999 1572 [ἐπί
1022 1500 1061 1576 τῇ
1085 1489 1212 1574 Hui-qr}
1237 1485 1344 1552 0126

225 1605 239 1685 §
264 1606 293 1667 1.
316 1601 389 1666 Non
414 1603 511 1686 magis
534 1604 737 1688 praestiterim
762 1628 825 1690 cap.
854 1606 894 1670 15
919 1605 960 1668 in.
986 1602 1127 1668 voeabula
1143 1608 1215 1689 περὶ
1229 1601 1344 1668 Πύλον

225 1716 359 1799 genuina
382 1737 456 1780 esse.

271 1829 344 1914 Cap.
371 1834 411 1897 16
436 1833 450 1914 t
475 1833 504 1896 2.
530 1841 620 1900 σῖτον
645 1871 687 1880 -
708 1839 827 1902 τακτὸν
857 1833 940 1916 [καί]
957 1835 1172 1918 μεμαγμένον.
1197 1828 1279 1893 Male
1296 1827 1347 1893 ad·

228 1944 311 2010 ditur
345 1946 469 2031 copula,
494 1947 649 2031 quianon
673 1958 758 2026 σῖτος
783 1949 834 2012 sed
862 1959 948 2025 οἶτος
974 1948 1177 2034 μεμαγμένος
1207 1944 1351 2009 dicendus

227 2067 291 2124 ιιιι
312 2069 438 2141 tantu.
478 2059 523 2126 cr.
548 2061 585 2124 ιι
610 2061 644 2125 11
668 2066 689 2127 4
712 2065 726 2146 s
751 2066 785 2142 ο,
805 2039 865 2126 '111
890 2064 952 2127 112
978 2063 995 2144 u
1021 2065 1091 2128 ιιι
1114 2082 1184 2145 περ
1210 2061 1250 2124 ιο
1275 2061 1293 2143 s
1318 2062 1348 2125 ν.

271 2174 344 2260 Cap.
371 2178 410 2241 17
435 2177 451 2260 b
477 2179 505 2240 2.
528 2167 565 2243 uri
579 2181 638 2262 μὲν
655 2176 786 2265 βραχεῖς
802 2181 933 2263 οίρκῶσι.
957 2176 1115 2239 Inseratur
1134 2183 1177 2244 ἂν
1195 2180 1264 2258 post
1278 2176 1349 2259 με’ν.

272 2289 343 2375 Cap.
378 2293 429 2356 18.
462 2288 596 2354 Badhem
625 2292 720 2376 (Λομ.
757 2292 1064 2380 Ερμ.·ί.1.)ίοοοιο
1090 2289 1349 2376 corruptissimum

229 2410 329 2468 tentat
351 2404 384 2467 in
407 2403 488 2467 huuc
510 2403 651 2468 modurn:
679 2413 848 2491 suppurare
873 2405 902 2472 δ’
923 2407 1052 2491 ἀνδρῶν
1079 2410 1197 2482 οἵτινες
1216 2392 1349 2488 τοέγοιθά

228 2519 519 2608 ἐτόἐμφίβολα
543 2526 645 2588 ὄντα
671 2522 738 2604 (pro
762 2523 1085 2609 ἐςοέμφίβοίον;
1116 2541 1202 2598 vere,
1226 2503 1350 2603 siquid

229 2633 330 2718 video)
349 2635 500 2718 οίσφαίῶς
525 2637 658 2717 ἔθεντο,
687 2643 741 2702 καί
766 2646 837 2713 ταῖς
859 2639 1036 2724 ξυμφοραῖς
1059 2642 1089 2702 οἱ
1113 2638 1204 2703 αὐτοί
1225 2638 1350 2714 struve·

228 2756 368 2835 τὼτερον
392 2755 434 2816 ἄν
460 2751 692 2836 προσφέροιντο
713 2757 769 2818 τόν
795 2778 828 2816 τε
852 2752 991 2836 πόλεμον
1011 2751 1188 2837 [νομίσωσι]
1204 2757 1254 2835 μὴ
1272 2749 1349 2816 καθ’

228 2871 303 2934 ὅσον
327 2873 370 2934 ἂν
394 2893 443 2941 τις
468 2867 567 2933 αὐτοῦ
589 2870 683 2954 μέρος
711 2868 868 2955 βούληται
892 2895 993 2952 μετα
1011 2872 1119 2955 χειρί
1129 2871 1146 2946 ζ
1155 2895 1262 2945 οιεν,
1281 2869 1348 2949 (pro

228 2983 475 3068 μεταχειρίζειν)
503 2978 619 3066 [τούτῳ
643 2985 789 3060 ξυνεῖναι
815 2981 896 3044 delet
920 3003 987 3045 eum
1012 2981 1078 3045 eod.
1105 2981 1199 3066 Italo]
1218 2981 1290 3048 ἀλλ’
1306 2986 1349 3059 ὥς

228 3102 271 3164 ἂν
297 3101 332 3161 αἱ
355 3103 449 3184 τιίχοιι
475 3097 582 3163 αὐτῶν
612 3105 806 3180 ἡγήσωνται.
848 3096 920 3160 Pars
944 3096 1002 3159 loei
1026 3096 1177 3180 posterior
1191 3095 1349 3181 eliquanto

228 3211 325 3276 leuius
347 3216 396 3288 et,
416 3209 480 3274 uisi
504 3209 610 3288 fallor,
635 3209 823 3295 probabilius
847 3211 947 3276 sanari
970 3211 1084 3296 poterit
1106 3209 1145 3274 ud
1168 3210 1225 3274 hoe
1248 3232 1349 3275 exem·

228 3323 330 3408 plum:
363 3333 531 3412 σωφρόνων
562 3327 591 3392 δ’
619 3326 747 3413 ἀνδρῶν
773 3361 817 3374 -
848 3327 1000 3410 οίσφαλώς
1035 3329 1151 3395 ἐθεντο
1185 3327 1252 3408 (καί
1276 3336 1348 3404 ταῖς

228 3445 406 3529 ξυμφοραῖς
442 3447 473 3508 οἱ
506 3445 599 3510 αὐτοί
633 3446 851 3529 ξονετὼτερον
885 3451 928 3512 ἂν
963 3447 1210 3530 προσφέροιντο)
1233 3448 1289 3510 τόν
1314 3468 1347 3507 τε

137 3571 138 3576 ’
229 3557 368 3641 πόλεμον
404 3558 454 3642 (ἦν
493 3555 606 3636 insere,
630 3563 684 3621 aut
707 3579 777 3622 uum
801 3556 921 3621 Dobree
945 3580 1009 3621 eam
1034 3555 1170 3620 voculam
1195 3553 1349 3618 substitue

229 3693 284 3756 pro
307 3674 376 3756 τὸν)
406 3675 554 3757 νομίσωσι
575 3680 617 3757 μὴ
646 3671 724 3738 καθ’
751 3677 826 3742 ὅσον
853 3681 896 3741 ἄν
922 3701 969 3749 τις
997 3673 1094 3739 αὐτοῦ
1123 3672 1216 3757 μέρος
1233 3670 1351 3759 βοιίλη·

201 3850 207 3861 ,
230 3814 285 3852 ται
302 3789 536 3874 μεταχειρίζειν
555 3789 587 3870 (ἄ
598 3789 643 3871 ν),
660 3789 730 3854 ἀλλ’
750 3793 792 3864 ὠς
808 3796 851 3856 ἂν
869 3793 903 3854 αἱ
921 3797 1016 3876 τιίχαι
1029 3792 1137 3854 αὐτῶν
1151 3795 1346 3871 ἡγήσωνται.

230 3899 333 3963 Possis
355 3921 489 3984 quoque:
515 3911 797 3989 μεταχειριεῖν,
821 3901 892 3969 ἀλλ’
922 3909 987 3968 κτέ.

275 3997 348 4099 O‘ap.
375 4017 415 4080 19
442 4017 459 4098 b
484 4018 503 4081 2
526 4016 610 4080 loeus
634 4015 901 4099 impeditissimus,
927 4037 1016 4098 quem
1040 4013 1110 4078 vide
1133 4036 1172 4078 an
1196 4012 1239 4078 sie
1260 4012 1351 4077 liceat

166 4175 172 4187 ·
230 4132 391 4216 refingere:
419 4134 590 4217 νομίζομέν
619 4159 651 4199 τε
677 4137 733 4210 τὰς
756 4132 898 4216 μεγάλας
923 4135 1042 4219 ἐχθρὰς
1069 4131 1197 4216 μάλιστ’
1219 4136 1262 4198 ἂν
1284 4131 1352 4196 δια·

230 4248 365 4313 λιίεσθαι
389 4251 539 4334 βεβαίως,
567 4251 623 4314 οὐκ
648 4255 687 4331 ἤν
713 4246 1004 4331 [ἅντ]ἅμννόμενός
1030 4276 1091 4324 τις,
1114 4246 1200 4329 [καί]
1219 4249 1350 4331 ἐπικρα-

229 4373 326 4445 τήσας
351 4368 390 4428 τὰ
406 4361 516 4436 πλείω,
542 4361 833 4446 τόνποίέμιον
853 4365 919 4444 (pro
935 4371 999 4428 τοῦ
1023 4362 1204 4446 πολέμου,
1228 4357 1259 4421 lli
1275 4355 1351 4420 forte

231 4475 326 4539 mavis
346 4497 451 4539 -res
475 4475 555 4538 enim
576 4473 681 4538 eodem
698 4473 775 4538 redit
793 4512 829 4520 .„
850 4473 999 4539 seribere:
1016 4482 1056 4542 τοὶ
1073 4476 1173 4550 πλείω
1196 4481 1265 4541 τοῦ
1287 4499 1352 4538 πο·

234 4593 375 4677 λέμιίν,
400 4597 470 4660 τὸν
496 4590 799 4676 σίντιπόλεμον)
824 4588 897 4658 κατ’
918 4595 1066 4680 ἀνάγκην
1086 4593 1192 4682 ὅρκοις
1217 4593 1353 4670 ἐγκατα-

1170 4703 1220 4770 4-1(-
