3166 5230
828 464 890 527 142

345 652 392 716 Ib.
413 651 450 716 ad
472 653 524 718 88.
562 649 609 716 Of.
626 649 693 715 Liv.
713 649 748 714 ΙΙ
767 650 825 717 5οῑ
842 650 961 733 iamque
977 649 1063 715 Fabii
1078 650 1153 714 adeo
1170 657 1414 736 contempserant

300 765 429 844 hostem,
463 772 496 829 ut
529 788 582 829 sua
612 765 725 830 invicta
756 787 837 828 arma
863 787 960 848 neque
983 765 1048 830 loco
1072 787 1168 849 neque
1192 771 1328 850 tempore
1355 765 1417 830 ullo

301 883 458 946 crederent
480 880 637 948 sustineri
655 901 758 968 posse.

344 998 391 1062 Ib.
420 996 457 1061 ad
482 997 523 1063 89
543 996 585 1061 in.
632 995 770 1060 Fortasse
799 1002 900 1058 tamen
926 992 1052 1072 sufficit,
1085 992 1182 1078 posita
1209 992 1327 1077 virgula
1350 998 1418 1077 post

302 1109 399 1191 εἶναι,
434 1134 604 1197 expungere
636 1111 728 1175 solam
765 1109 901 1194 copulam
928 1115 996 1192 post
1027 1115 1121 1178 νεῶν.
1170 1107 1260 1192 Apud
1288 1109 1419 1172 Graecos

300 1227 483 1310 antiquiores
507 1228 633 1310 πλῆθος
653 1232 700 1290 est
716 1223 894 1290 vocabulum
912 1223 1044 1288 medium
1063 1224 1127 1306 (:
1138 1228 1306 1311 ἀριθμὸν),
1323 1225 1367 1286 ita
1383 1232 1418 1288 ut

301 1341 360 1419 sit,
385 1340 437 1405 ubi
465 1349 594 1427 ponatur
617 1363 671 1426 pro
694 1343 852 1427 ὀλιγότης.
900 1337 946 1403 cf.
971 1338 1018 1404 IV
1043 1341 1084 1405 10
1108 1345 1139 1401 et
1165 1339 1191 1398 V
1217 1341 1246 1404 6.
1293 1337 1417 1402 Nihilo·

301 1453 402 1518 minus
424 1455 590 1539 elegantior
614 1461 675 1529 est,
701 1477 792 1538 quam
815 1476 905 1539 supra
923 1454 1065 1539 proposui
1089 1451 1239 1517 scribendi
1262 1452 1418 1542 rationem·

348 1569 420 1655 Cap.
447 1571 488 1636 93
512 1573 526 1654 p
551 1571 581 1635 3.
627 1569 752 1634 Fluctus
777 1569 919 1633 excitavit
945 1569 979 1634 in
1003 1567 1134 1652 simpulo
1158 1567 1205 1631 vir
1226 1567 1418 1631 acutissimus

304 1683 438 1747 Badhan
465 1693 549 1768 Aoy.
596 1687 687 1770 Ἒρμ.
715 1705 743 1768 p.
775 1684 839 1748 199
866 1680 1021 1768 suspicans
1048 1689 1117 1767 post
1142 1683 1243 1770 μηδέν
1273 1681 1419 1746 excidisse

303 1911 368 1990 dis,
400 1911 477 1976 nihil
511 1912 595 1976 aliud
628 1912 711 1975 deest
743 1935 831 1998 quam
863 1914 968 1979 vocula
996 1923 1055 2002 γάρ
1079 1921 1148 2000 post
1172 1923 1335 2000 φρούριον,
1363 1936 1421 1998 qua

302 2027 445 2092 restituta
466 2027 550 2091 locus
566 2026 611 2090 sic
625 2026 877 2112 interpungatur:
895 2035 962 2112 καί,
980 2038 1131 2117 φρούριον
1150 2028 1235 2114 (γὰρ)
1255 2027 1305 2096 ἐπ’
1322 2033 1418 2098 αὐτοῦ

298 2141 338 2227 ἢν
362 2147 416 2207 καὶ
442 2149 524 2240 νεῶν
553 2150 651 2229 τριῶν
678 2145 807 2227 φυλακὴ
832 2151 887 2212 τοῦ
911 2154 952 2231 μὴ
977 2145 1106 2212 ἐσπλεῖν
1131 2151 1317 2228 Μεγαρεῦσι
1345 2145 1418 2230 μηδ’

302 2257 433 2324 ἐκπλεῖν
450 2259 566 2343 μηδὲν,
585 2269 628 2343 τῷ
651 2287 683 2326 τι
701 2264 842 2344 φρουρίῳ
865 2261 1065 2348 προσέβαλον
1090 2255 1168 2327 ιιτὲ.Ι
1201 2257 1248 2324 Of.
1264 2259 1282 2323 Ι
1301 2260 1341 2323 31
1358 2262 1375 2344 ᾧ
1391 2263 1420 2325 2.

305 2369 425 2449 Quibus
448 2371 527 2435 nihil
550 2379 595 2435 est
618 2372 748 2458 planius.
1312 2395 1315 2401 ·

351 2484 424 2569 Peg.
454 2486 494 2549 37
519 2484 556 2548 ad
581 2487 622 2551 39
646 2489 660 2570 t
685 2489 714 2552 1.
747 2486 847 2551 Pudet
871 2510 918 2552 me
942 2489 1016 2552 haec
1039 2487 1209 2572 scripsisse:
1234 2487 1323 2552 rerha
1342 2487 1421 2552 enim

307 2609 364 2666 τοῦ
396 2600 524 2684 λιμένος
556 2606 620 2668 τῶν
651 2603 848 2689 Ἀθηναίων
877 2603 1009 2686 genuine
1033 2625 1096 2666 esse
1122 2602 1291 2666 luculenter
1318 2603 1423 2666 docent

307 2712 483 2798 sequentia:
509 2717 563 2782 διὰ
590 2721 626 2782 τὸ
654 2721 840 2802 ἐπικρατεῖν
865 2726 909 2804 τῷ
938 2726 1092 2802 ναυτικῷ.

350 2829 423 2913 Peg.
450 2830 491 2896 38
515 2828 552 2892 ad
580 2832 643 2896 102
668 2832 684 2914 p
708 2833 739 2897 4.
786 2831 898 2895 Misere
925 2831 1069 2915 languere
1097 2829 1187 2895 verba
1214 2834 1293 2919 μηδὲ
1322 2843 1362 2916 νῆ
1385 2831 1422 2916 ἦν

306 2943 472 3008 etiamnum
505 2944 580 3008 mihi
616 2944 765 3010 videntur.
811 2946 919 3030 Neque
942 2954 1061 3026 tamen,
1086 2969 1161 3030 quae
1188 2969 1235 3012 res
1258 2970 1308 3012 me
1334 2968 1424 3031 supra

279 3043 449 3132 'fallebat
482 3059 575 3124 deleri
607 3068 750 3145 possunt,
775 3061 835 3126 nisi
859 3062 967 3126 autin
991 3062 1173 3146 praegressis
1197 3061 1287 3126 simul
1311 3084 1425 3147 expun-

190 3187 192 3190 ’
304 3180 465 3260 gatur'cyj
499 3181 599 3263 χώρᾳ,
631 3182 699 3251 aut..
732 3176 813 3259 quod
844 3199 932 3241 nemo
963 3175 1052 3240 facile
1083 3175 1237 3261 probabit,
1267 3176 1425 3241 deleantur

308 3287 397 3352 verba
411 3288 645 3373 subsequentia:
662 3297 705 3368 ὡς
723 3330 764 3338 -
779 3295 1004 3378 μεμιασμένης.
1040 3291 1160 3356 Interea
1177 3291 1214 3357 cf.
1233 3290 1343 3359 11189
1361 3293 1378 3376 ᾧ
1395 3295 1424 3359 2.

347 3402 419 3488 (lap.
445 3406 509 3471 100
532 3406 548 3488 ᾧ
573 3406 593 3470 3
619 3415 808 3494 προυχώρει.
852 3407 1014 3491 Exspeetes
1033 3415 1256 3495 προνχὼρονν,
1282 3407 1355 3490 quia
1371 3429 1427 3471 nu·

305 3541 404 3583 merus
429 3519 560 3584 Pluralis
586 3527 647 3584 tam
671 3520 823 3605 praeeedit
847 3522 1109 3608 (ἐπολιόρκησαν,
1139 3522 1310 3606 ἐδύναντο)
1333 3543 1425 3606 quam

304 3633 439 3719 sequitur
465 3634 648 3718 (α’φίκοντο,
675 3636 802 3723 ἐδῄουν,
831 3639 927 3720 cett).

349 3750 402 3814 III
424 3753 446 3814 4
466 3751 483 3834 p
506 3751 535 3814 4.
585 3751 743 3828 λαθόντες
764 3757 799 3818 τὸ
820 3760 885 3820 τῶν
910 3754 1105 3839 Ἀθηναίων
1124 3759 1292 3829 ναντιιιόν,
1315 3758 1346 3819 οἳ
1370 3755 1427 3840 ὥρ-

304 3892 386 3950 μονν
413 3863 462 3948 [ἐν
484 3877 522 3952 τῇ
550 3865 686 3950 Μαλέᾳ]
717 3869 794 3951 πρὸς
822 3867 940 3952 βορέαν
969 3876 1024 3949 τῆς
1053 3868 1185 3942 πόλεως.
1234 3869 1277 3930 At
1304 3873 1426 3930 constat

306 3975 438 4041 Maleam
473 3976 564 4040 sitam
590 3977 682 4041 fuisse
717 3976 754 4040 ad
789 3977 955 4045 meridiem.
1001 3977 1099 4042 Verba
1131 3979 1247 4044 inclusa
1278 3979 1427 4067 adscripta

306 4091 446 4157 videntur
465 4115 482 4155 a
505 4092 615 4156 lectore
631 4092 773 4177 quopiam
789 4101 912 4179 propter
926 4117 961 4159 ea
978 4117 1055 4180 quae
1076 4095 1222 4180 leguntur
1239 4095 1269 4159 in
1287 4102 1426 4161 extremo

304 4208 400 4293 capite
430 4210 502 4272 uto:
528 4216 738 4292 ναύσταθμον
768 4247 805 4256 -
824 4211 958 4291 Μαλέα,
985 4233 1078 4295 quum
1103 4233 1163 4274 non
1187 4211 1263 4274 satis
1286 4211 1426 4276 attende-

302 4332 347 4388 ret
371 4322 408 4387 ad
431 4343 607 4407 praegressa
629 4322 743 4386 ibidem
767 4325 784 4407 p
812 4327 1129 4412 1περιορμιοὰμινοι
1156 4333 1191 4392 τὸ
1215 4331 1292 4416 πρρς
1318 4334 1414 4396 νότον

304 4449 359 4523 τῆς
382 4440 513 4517 πόλεως,
542 4436 620 4500 unde
645 4445 713 4521 post
736 4438 887 4502 sociorum
914 4439 1079 4504 adveutum
1102 4441 1308 4506 Athenienses
1330 4441 1422 4506 aliam

308 4552 469 4619 stationem
491 4551 601 4636 cepisse
624 4560 748 4636 apparet
774 4553 812 4617 ad
836 4554 993 4620 meridiem
1015 4555 1193 4641 Mytilenae.
