3190 5232
728 491 771 555 43

194 682 343 768 postulat,
368 680 406 746 de
429 704 483 747 suo
507 681 710 747 adscribentes
733 665 1001 766 interpretamenta
1026 682 1109 749 οἰλλιί
1125 685 1240 766 μείζων
1262 679 1308 747 vel

195 799 267 866 ἀλλ’
289 799 442 866 ἐλάττων.
472 817 507 844 ⁴-
530 795 568 862 Ib
592 799 608 881 b
634 799 654 863 3
673 809 693 884 η’
713 803 825 868 τοίνυν
850 800 1031 884 δεινότερον
1051 829 1082 866 τι
1106 804 1221 866 rodaco
1238 799 1308 876 δέος

197 917 339 1000 ειίρετίον
374 920 459 982 ἐστίν
488 922 509 999 ἤ
539 917 610 981 τόδε
639 941 673 994 χε
704 914 798 982 οὐδὲν
827 917 969 999 ε’πίσχει,
996 913 1067 980 ἀλλ’
1091 923 1111 997 η
1133 920 1192 997 μὲν
1213 919 1309 982 πενία

192 1035 320 1116 ἀνάγκη
346 1035 404 1112 την
429 1031 552 1112 τόλμαν
576 1030 781 1115 παρέχουσα,
807 1039 827 1112 ἡ
851 1029 880 1094 δ’
900 1030 1026 1105 ἐξουσία
1053 1032 1142 1115 ὕβρει
1162 1035 1220 1113 την
1237 1030 1310 1095 πλε·

193 1144 323 1219 ονεξίαν
351 1142 429 1225 [καί
452 1145 695 1231 peccarium}
724 1147 759 1208 αἱ
782 1143 811 1210 d’
834 1144 934 1209 ἄλλαι
951 1147 1123 1230 ξυντυχίοι
1139 1147 1218 1230 ὀργῇ
1233 1153 1308 1212 τῶν

193 1259 429 1341 ἀνθρώπων,
452 1263 493 1336 ὡς
519 1266 656 1341 ἑκάστη
682 1286 729 1336 τις
754 1261 925 1344 κατέχεται
946 1257 1002 1326 ὑπ’
1027 1261 1205 1346 ἀνηκέστου
1222 1264 1309 1336 τινὸς

195 1376 388 1455 κρείσσονος,
410 1374 580 1453 ἐξάγουσιν
602 1379 633 1449 ἐς
651 1375 725 1447 τούς
743 1374 927 1448 κινδύνους.
946 1371 983 1435 In
1001 1371 1099 1436 verbis
1115 1377 1150 1439 ct
1165 1370 1193 1440 δ’
1210 1373 1310 1439 ἄλλαι

194 1489 365 1574 ξυντυχίαι
398 1491 476 1572 ὀργῇ
505 1491 571 1555 τῶν
603 1489 789 1570 ἀνθρώπων
824 1491 892 1550 tum
915 1507 1131 1570 supervacanee
1154 1492 1227 1550 sunt
1250 1486 1310 1551 duo

196 1599 303 1664 ultima
328 1601 474 1666 vocabula
497 1607 580 1680 tum,
606 1601 685 1685 quod
702 1601 840 1684 gravius,
859 1601 1047 1666 desideretur
1062 1600 1233 1681 obiectum,
1250 1625 1310 1687 quo

194 1716 414 1801 respondeatur
431 1715 559 1781 obiectis
571 1725 629 1802 τὴν
647 1717 770 1800 τόλμαν
788 1723 819 1780 et
837 1725 896 1802 τὴν
913 1717 1104 1796 πλεονεξίαν
1119 1716 1152 1780 in
1169 1715 1310 1780 membris

195 1829 353 1912 parallelis.
408 1829 498 1908 Quod
525 1829 551 1893 si
574 1850 676 1893 verum
701 1835 768 1904 est,
791 1828 869 1894 nihil
892 1837 938 1892 est
960 1827 1144 1913 probabilius
1167 1851 1256 1913 quam
1278 1829 1311 1892 id

195 1943 277 2029 quod
311 1944 504 2008 desideratur
539 1944 711 2008 delitescere
734 1944 765 2007 in
789 1965 824 2007 eo
847 1943 929 2029 quod
953 1944 1060 2008 melius
1082 1944 1206 2010 abesset.
1239 1945 1311 2009 Per·

198 2057 283 2126 facile
314 2064 417 2122 autem
440 2063 488 2122 est
511 2057 548 2122 ad
570 2058 816 2143 perspiciendum
839 2059 932 2124 Thac.
958 2081 1022 2122 non
1045 2059 1136 2124 aliter
1158 2060 1312 2144 scripsisse

199 2195 289 2257 quam
320 2174 376 2240 sic:
410 2180 445 2241 αι’
474 2172 620 2242 λ’ἄλλοιι
652 2173 832 2262 ξυντυχίαι’
852 2179 931 2261 ὀρχῇ
955 2175 1007 2257 (sc.
1033 2176 1244 2262 παρέχουσαι)
1270 2181 1311 2242 τὸ

195 2293 339 2368 ἄνουν,
372 2311 447 2374 quae
479 2288 572 2353 lectio
600 2311 695 2374 prono
726 2311 825 2354 errore
848 2290 919 2353 olim
943 2289 1068 2354 confusa
1085 2296 1132 2354 est
1155 2311 1223 2354 cum
1245 2297 1311 2358 τῶν

197 2395 297 2479 defer,
332 2408 406 2466 noto
438 2403 619 2488 compendio
643 2425 696 2487 pro
719 2379 1009 2490 τῶνάνθρώπων.
1058 2402 1126 2481 Qua
1148 2403 1311 2480 restituta,

197 2517 399 2582 membrorum
433 2517 645 2602 aequilibrium
680 2522 728 2600 (τὸ
753 2519 918 2603 ἰσόκωλον)
944 2518 1036 2582 deleri
1059 2517 1144 2582 iubet
1167 2515 1313 2596 uocabula

197 2639 252 2700 καί
278 2643 457 2718 φρονήματι
467 2654 480 2711 ,·
504 2632 614 2718 qnippe
638 2632 760 2696 lectoris
784 2630 1036 2697 additamentum.
1060 2633 1221 2696 Praeterea
1244 2654 1312 2696 cum

195 2743 328 2830 Kampio
352 2768 406 2829 pro
429 2754 546 2831 ἑκάστη
569 2746 689 2832 requiro
712 2747 964 2832 taecroffi'quod
989 2771 1059 2812 vero
1082 2748 1161 2813 idem
1183 2748 1314 2813 coniecit

198 2866 353 2945 οίνικητου
377 2883 431 2946 pro
453 2864 631 2950 ἀνηκέστου
654 2863 780 2928 fortasse
802 2884 862 2929 non
889 2869 936 2928 est
958 2885 1079 2948 prorsus
1097 2864 1312 2929 necessarium.

242 2973 314 3059 Cap.
338 2979 380 3041 46
398 2979 414 3060 b
431 2980 459 3041 2.
477 2981 559 3040 recte
573 2975 644 3040 libri
662 2974 826 3041 deteriores
842 2977 989 3063 praebent
1010 2986 1311 3064 παρασκευάσεσθαι

197 3111 251 3175 pro
286 3088 415 3152 absurdo
449 3089 590 3166 Aoristo;
618 3090 684 3154 fieri
708 3097 810 3154 tamen
837 3097 938 3175 potest
962 3097 996 3154 ut
1018 3097 1099 3155 recte
1123 3089 1245 3155 Classen
1269 3095 1312 3159 ἂν

197 3204 361 3268 inseruerit
384 3210 453 3268 ante
474 3212 620 3289 ἄμεινον.
642 3203 724 3268 Utut
747 3210 812 3275 est,
831 3204 920 3268 valde
936 3215 1147 3292 ταχοπιιθεῒς
1163 3204 1208 3268 illi
1225 3211 1312 3277 sunt,

196 3315 249 3400 qui
280 3315 460 3380 Herbstium
489 3316 657 3399 Anglorum
681 3316 855 3382 criticorum
879 3317 1047 3384 doctrinam
1071 3319 1103 3383 in
1127 3319 1184 3384 hac
1206 3341 1313 3403 quaes·

197 3430 281 3493 tione
305 3428 448 3493 evertisse
472 3429 644 3514 opinentur.

240 3542 313 3628 Cap.
339 3543 381 3608 51
407 3550 481 3609 extr.
517 3547 698 3634 ἀπετείχιζε
732 3555 786 3615 καί
811 3555 847 3616 τὸ
869 3555 908 3616 ἐκ
932 3560 998 3633 τῆς
1020 3555 1198 3636 ἠπείρου,
1227 3547 1246 3640 ᾗ
1271 3591 1314 3598 -

199 3662 394 3744 ἐπιβοηθεια
416 3659 455 3745 ἦν
480 3670 519 3746 τῇ
543 3671 628 3747 νήσῳ
644 3665 679 3728 οὐ
698 3663 780 3730 πολύ
799 3665 944 3753 διεχοιίση
968 3665 1036 3748 [τῆς
1051 3667 1211 3750 ἠπείρου]
1228 3665 1248 3734 †
1263 3665 1311 3730 Ib.

197 3779 254 3841 τὸν
277 3774 418 3841 ἔσπλουν
444 3811 486 3820 -
510 3775 743 3862 ἐλευθερώσας.
768 3777 892 3843 Frustra
916 3785 1052 3843 tentatur
1075 3779 1124 3842 hic
1145 3779 1241 3843 locus.
1264 3777 1312 3842 Of.

198 3886 256 3950 Dio
281 3886 363 3951 (lass.
388 3886 483 3951 XLII
507 3890 547 3953 la
572 3890 588 3972 d
614 3892 644 3953 2.
668 3899 777 3960 τόντε
801 3895 940 3962 ἔσπλουν
964 3894 1199 3978 ἠλευθέρωσεν,
1225 3891 1312 3957 etib.

198 4005 242 4068 40
265 4005 282 4087 d
307 4006 336 4066 2.
383 4002 473 4082 Quod
497 4003 620 4068 Classen
644 4007 775 4071 coniecit
797 4007 989 4094 κληθρὼσας
1013 4028 1112 4090 neque
1134 4012 1241 4092 aptum
1266 4015 1313 4072 est

199 4117 368 4182 sententiae
391 4140 488 4201 neque
513 4104 660 4183 Graecum
685 4129 714 4196 †.

241 4230 313 4316 Cap.
340 4234 381 4298 52
405 4233 471 4298 init.
496 4234 602 4301 οὐκέτι
622 4236 750 4321 ἔχοντες
768 4244 856 4302 σῖτον
884 4235 971 4316 [οὐδὲ
994 4237 1167 4321 δυνάμενοι
1184 4237 1314 4323 πολιορ-

199 4349 342 4431 κεῖσθαι]
371 4349 566 4434 ξυνέβησαν.
590 4347 693 4411 Donec
720 4347 829 4432 aliquis
857 4348 1107 4414 demonstraverit
1133 4351 1248 4415 Graece
1271 4352 1314 4416 aia

201 4468 282 4526 recte
302 4461 361 4525 dici
385 4483 439 4546 pro
461 4465 632 4546 ὑπομένειν
651 4469 709 4546 τὴν
728 4464 921 4548 πολιορκίαν
938 4464 1017 4542 sive,
1035 4472 1071 4528 ut
1088 4472 1191 4528 noster
1206 4464 1312 4530 scribit

199 4575 234 4640 II
258 4579 299 4642 70
315 4577 344 4660 b
357 4579 394 4653 1,
419 4577 684 4661 πολιορκούμενοι
704 4580 868 4665 ἀντέχειν,
890 4579 979 4643 verba
1002 4579 1119 4643 inclusa
1133 4578 1312 4668 interpreta-
