3166 5230
831 492 894 558 126

305 691 338 757 δὲ
362 693 398 755 τὸ
422 687 585 754 σπεύδειν·
612 683 761 749 δασεῖα
786 681 828 747 δὲ
851 691 871 765 η’
894 687 1042 767 πρώτη
1062 688 1131 748 κτὲ.
1179 678 1259 745 Aelii
1283 679 1423 768 Dionysii

303 822 366 866 esse
394 797 532 865 hauoda
562 795 747 882 aspiratione
779 793 871 859 huius
904 793 987 858 verbi
1018 793 1184 858 doctrinam
1218 794 1362 860 discimus
1385 819 1423 862 ex

303 913 467 982 Eustathio
491 910 530 976 ad
551 910 590 976 Il.
615 916 644 978 Τ
666 911 730 974 451
756 915 809 976 ἐπί
830 917 885 976 τοῦ
909 909 1056 976 σπεύδειν
1081 914 1111 975 οἱ
1133 909 1285 976 Ἀττικοί
1310 913 1422 993 ἔλεγον

304 1037 465 1099 ἀνύειν.
512 1025 632 1102 Α’ίλιος
661 1025 696 1091 δὲ
730 1025 898 1100 Διονύσιος
923 1047 999 1108 φησι
1034 1028 1088 1090 καί
1120 1026 1187 1091 ὅτι
1222 1023 1371 1092 δασεῖα
1402 1035 1423 1110 η’

303 1149 456 1229 πρώτη.
483 1140 650 1207 τουτέστιν
679 1137 835 1205 ἒδάσυνον
858 1140 890 1202 οἱ
917 1138 1071 1202 Ἀττικοί
1094 1143 1153 1218 τὴν
1179 1143 1343 1225 ἄρχουσαν
1366 1146 1421 1206 τοῦ

302 1260 464 1324 ἀνύειν.
511 1251 592 1316 Vide
623 1255 773 1334 praeterea
808 1247 963 1313 Dobreum
994 1247 1031 1313 ad
1063 1248 1189 1316 Plutum
1213 1273 1256 1315 vs.
1281 1253 1355 1317 607.
1378 1289 1421 1300 -

302 1366 473 1454 Thucydidi
498 1387 554 1452 ego
577 1364 751 1430 redditurus
774 1385 841 1427 sum
863 1369 999 1450 ἀθρόος,
1026 1368 1172 1451 ἁθροίζω
1197 1370 1228 1428 et
1250 1371 1370 1432 ἀνύτω.

347 1480 394 1545 IV
417 1503 480 1566 cap.
504 1484 531 1546 2.
558 1479 644 1568 ἦρος.
693 1476 923 1543 substantivum
955 1481 1013 1564 ἐάρ
1046 1478 1126 1564 apud
1155 1478 1362 1565 Thucydidem
1390 1480 1422 1544 in

303 1593 395 1660 Nom.
427 1599 459 1658 et
492 1595 562 1658 Acc.
598 1611 800 1682 numquam,
831 1590 864 1656 iu
901 1590 1017 1656 casibus
1041 1591 1173 1677 obliquis
1202 1613 1330 1682 σύνορον
1353 1616 1424 1660 cuu-

231 1718 234 1728 ‘
303 1709 443 1774 trahitur.

348 1824 419 1910 (lap.
445 1826 464 1890 6
492 1827 607 1912 πρωί.
653 1820 824 1886 Atticorum
849 1841 931 1884 more
954 1817 1085 1884 scribam
1108 1831 1192 1906 πρῴ.
1239 1819 1286 1886 Of.
1310 1821 1422 1885 Pausa·

304 1937 370 2003 nias
394 1959 442 2023 ap.
469 1935 664 2001 Ilustathium
687 1935 726 1999 ad
748 1934 787 2000 Il.
805 1944 831 2004 0
847 1934 922 2001 465.
945 1933 1015 1998 Lib.
1039 1933 1105 1998 VII
1123 1935 1164 1999 19
1180 1956 1235 2019 pro
1252 1941 1419 2021 πρωίτατα

305 2051 451 2136 corrigam
474 2054 675 2137 πρῳαίτατα,
704 2048 769 2114 VII
793 2051 834 2115 39
858 2049 930 2113 init.
958 2057 988 2113 et
1004 2048 1088 2114 VIII
1112 2052 1174 2116 101
1196 2056 1274 2115 extr.
1300 2055 1421 2140 πρῳαί·

304 2192 396 2251 τερον
420 2185 474 2248 pro
497 2169 686 2252 πρωίτερον,
712 2169 874 2249 utrumque
896 2169 1058 2248 praeeunte
1079 2163 1228 2229 Bekkero.

350 2277 423 2362 (lap.
448 2279 490 2342 19
514 2277 843 2366 ἐλειποψύχησε.
896 2276 1078 2343 Plutarchus
1102 2278 1139 2343 de
1161 2278 1237 2364 glor.
1255 2277 1328 2344 Ath.
1352 2277 1420 2355 HI,

305 2389 359 2455 ubi
389 2389 446 2454 hoc
475 2390 616 2455 Brasidae
647 2391 764 2456 facinus
797 2391 972 2476 respicitur,
1005 2393 1135 2458 servavit
1160 2387 1262 2457 reram
1294 2392 1422 2456 formam

304 2505 505 2594 λιποψυχῶν.
555 2497 698 2572 ΟλὈοδ.
723 2505 839 2572 Mnem.
864 2505 918 2570 III
936 2507 1014 2586 138,
1042 2507 1104 2573 157
1129 2513 1160 2571 et
1182 2506 1230 2571 IV
1253 2508 1317 2572 262
1334 2528 1376 2591 sq.

347 2617 417 2705 (lap.
433 2621 496 2686 25.
520 2623 801 2691 ἀπολλύουσι.
850 2621 1014 2705 Antiquior
1036 2621 1127 2686 Athis
1151 2621 1230 2684 hanc
1251 2619 1422 2704 similesque

302 2734 414 2797 formas
436 2734 571 2818 ignorat.
594 2733 676 2819 Lege
699 2734 797 2820 igitur
817 2736 1035 2804 ἀπολλύασι
1059 2740 1090 2798 et
1112 2733 1219 2814 V19,
1245 2735 1288 2799 23
1311 2739 1342 2799 et
1356 2731 1422 2796 VII

303 2850 345 2914 51
359 2855 434 2915 extr.
456 2855 654 2935 ὤμνυσαν
675 2870 729 2934 pro
753 2856 892 2934 ὤμνυον.
916 2848 1105 2934 Phrynichus
1119 2847 1156 2912 Β.
1168 2849 1207 2912 Α.
1230 2848 1420 2916 ἀπολλύα-

302 2989 368 3034 σιν
386 2966 492 3050 ὥσπερ
516 2967 741 3033 δεικνύασι
765 2969 820 3032 καί
846 2969 1054 3050 ἀμνύασιν
1080 2968 1246 3043 Ἀττικῶς
1269 2968 1343 3033 ἀντί
1364 2972 1419 3033 τοῦ

302 3081 504 3163 ὀμνύουσι
531 3084 586 3146 καί
611 3082 857 3148 δεικνύουσι
881 3085 936 3148 καί
960 3079 1233 3147 ἀπολλύουσι.
1267 3077 1314 3143 Of.
1339 3077 1419 3142 idem

302 3213 331 3277 p.
355 3195 412 3271 40,
438 3193 474 3270 9;
500 3193 613 3258 Moeris
637 3215 669 3279 p.
697 3197 755 3271 12,
780 3196 838 3271 25,
862 3196 918 3272 26,
946 3196 1003 3272 28,
1029 3196 1107 3270 168,
1138 3196 1217 3274 281,
1243 3193 1317 3272 337,
1343 3193 1418 3259 425.

304 3304 394 3385 Quod
416 3313 518 3371 autem
542 3307 623 3393 apud
647 3306 781 3372 Gramm.
814 3307 850 3373 B.
874 3309 912 3371 h.
943 3330 971 3392 p.
997 3309 1079 3387 430,
1103 3310 1145 3375 28
1168 3307 1281 3392 legitur
1302 3307 1421 3375 ἀπολ-

303 3420 420 3490 λύειν
455 3427 510 3488 καὶ
546 3422 791 3492 ἀπολλύναι
824 3423 1219 3492 catalaunensem
1247 3427 1301 3489 καί
1329 3423 1422 3489 ἀπο·

304 3535 535 3604 δεικνύναι
560 3536 675 3614 διττῶς
699 3538 848 3619 λέγουσιν
873 3536 916 3600 ita
941 3559 1045 3603 verum
1068 3560 1131 3602 esse
1147 3544 1241 3623 puto,
1259 3543 1294 3601 ut
1309 3537 1420 3602 formas

303 3647 335 3712 in
357 3653 402 3717 ύοο
421 3649 501 3734 apud
525 3656 659 3715 oratores
683 3650 817 3728 Atticos,
843 3650 894 3714 ubi
918 3652 1091 3736 frequenter
1115 3653 1306 3737 reperiuntur
1328 3651 1420 3738 inque

302 3785 381 3828 nova
412 3763 567 3830 comoedia
598 3764 724 3829 minime
755 3763 962 3830 sollicitandas
992 3789 1056 3832 esse
1083 3766 1218 3832 arbitrer.
1266 3767 1337 3853 Ipse
1359 3768 1419 3832 iam

302 3877 518 3963 Aristophanes
543 3879 625 3945 Plut.
651 3881 714 3946 719
738 3879 917 3966 abantiquo
934 3903 989 3945 usu
1006 3880 1132 3946 descivit
1149 3880 1298 3946 scribens:
1316 3880 1418 3950 ἔπειτ’

303 3994 406 4076 ε”φλαί
428 3999 462 4062 ἐν
496 4003 536 4081 τῇ
558 4000 641 4080 δοίη
672 4005 1062 4083 συμπαραμιγνύων
1090 4001 1190 4080 duda!
1215 4005 1269 4065 καί
1296 4009 1418 4086 σχῖνον.

347 4103 418 4191 Cap.
442 4109 483 4172 26
507 4109 522 4190 §
546 4108 575 4173 3.
601 4108 867 4196 ἀληλεμένον
894 4133 996 4177 verum
1018 4135 1097 4192 esse,
1114 4135 1175 4178 nou
1191 4115 1417 4202 ἀληλεσμένον,

303 4215 461 4303 splendida
492 4219 611 4286 Dobree
641 4223 782 4309 probavit
805 4225 1019 4291 emendatione
1042 4226 1101 4292 loci
1123 4247 1279 4292 imrururs
1301 4226 1334 4291 iu
1357 4225 1421 4290 Ad-

303 4352 379 4398 vers.
403 4331 439 4397 II
461 4355 492 4419 p.
517 4334 594 4402 348.

347 4444 419 4532 Cap.
445 4450 500 4516 38.
534 4460 739 4537 παρῆκαν.
786 4453 831 4521 Of.
858 4455 921 4521 VII
946 4457 988 4522 19
1019 4461 1194 4542 ἀφῆκαν.
1242 4452 1416 4521 Sedvssl

305 4567 337 4628 et
356 4561 419 4628 VII
444 4565 485 4630 19
509 4570 590 4630 recte
613 4564 724 4650 legitur
746 4573 927 4656 ἀφεῖσαν
949 4577 981 4636 et
1003 4570 1032 4633 V
1056 4571 1097 4638 32
1121 4574 1306 4640 ἀνεῖσαν.
1353 4569 1417 4634 Has
