3166 5230
748 463 812 532 111

212 663 214 676 ’
261 656 295 722 P.
320 656 361 723 65
386 654 424 720 od
448 653 606 740 utel.
652 654 826 738 Perperam.
876 652 956 717 Vide
981 653 1033 719 IV
1058 655 1219 736 mul.

262 770 309 836 Ib.
331 770 370 835 ud
394 773 468 835 122.
495 768 597 832 Simile
617 768 767 833 emblema
789 767 904 853 legitur
931 767 1064 834 11195:
1083 776 1102 836 ὁ
1122 771 1156 837 δὲ
1178 776 1243 840 τῶν
1260 780 1348 842 Μεσ-

217 891 336 973 σηνίων
372 895 478 972 χάριτι
515 883 690 969 [πεισθείς]
731 891 785 951 καί
802 882 946 968 ’μάλιστα
975 888 1108 968 νομίσας
1134 893 1199 952 κτὲ.
1246 885 1345 951 Perti·

219 1001 332 1086 oipium
360 1006 440 1064 recte
458 998 544 1063 abest
572 997 616 1062 VI
637 1001 677 1064 11
702 1000 719 1084 b
743 1001 774 1064 3.
1268 1009 1278 1020 ’·

262 1112 337 1198 Cup.
363 1115 428 1179 120
450 1113 464 1195 §
489 1115 517 1176 1.
542 1112 705 1189 πλέοντας
730 1115 759 1180 δ’
778 1115 843 1180 ἀπὸ
862 1115 982 1198 Τροίας
1003 1119 1092 1197 σφῶν
1120 1119 1219 1192 τούς
1242 1121 1344 1203 πρώ-

217 1256 314 1305 τους
347 1237 587 1314 κατενεχθῆναι
620 1234 686 1293 κτὲ.
732 1225 781 1291 Ita
815 1225 920 1306 codd,
957 1227 1022 1292 fieri
1055 1235 1160 1313 potest
1193 1236 1230 1293 ut
1263 1252 1343 1296 vere.

217 1343 426 1427 Praeplaoeret
449 1348 551 1406 tomen
576 1346 673 1421 τούς
694 1350 942 1426 προγόνους.
986 1343 1142 1408 Incertum
1165 1349 1211 1408 est
1235 1367 1275 1409 an
1299 1345 1342 1412 sio

217 1457 326 1543 legerit
348 1457 453 1528 Vallo.
480 1461 601 1520 vertens
623 1455 775 1522 maiorer.

261 1571 310 1638 Ib.
331 1570 369 1636 ud
393 1573 458 1637 123
481 1573 498 1656 d
521 1573 552 1636 2.
598 1569 717 1634 Iniuria
732 1569 915 1654 interpretes
932 1569 1039 1634 verbo:
1059 1576 1115 1637 καλ
1133 1575 1201 1657 ἅμα
1213 1609 1257 1620 -
1269 1577 1343 1652 τούς

216 1687 354 1764 πολλούς
388 1684 543 1768 uooipiunt
575 1683 611 1748 de
643 1683 814 1764 Soionueis‚
847 1684 1041 1770 referuntque
1066 1693 1137 1754 τότε
1161 1686 1200 1750 ed
1223 1692 1344 1753 narrate

218 1806 280 1869 121
305 1805 319 1885 §
344 1805 375 1865 3.
421 1804 464 1865 At
494 1800 532 1865 de
564 1800 639 1884 ipsis
671 1798 830 1864 Mendueis
862 1799 1038 1883 accipienda
1068 1822 1132 1863 esse
1154 1807 1279 1884 apparet
1305 1824 1344 1866 ex

216 1939 274 1982 usu
298 1915 485 2001 pronominis
512 1919 619 1998 σφίσιν
643 1921 712 1999 post
736 1895 955 2001 πρασσόντων.
992 1912 1029 1976 Iu
1054 1906 1183 1978 errorem
1205 1914 1343 1983 eruditos

215 2029 339 2095 induxit
373 2034 428 2096 καί
459 2036 527 2113 post
562 2034 824 2114 τεκμαιρόμενοι,
857 2026 938 2110 quod
969 2027 1047 2090 mule
1082 2025 1257 2092 habuerunt
1287 2050 1341 2112 pro

215 2144 333 2230 copule,
358 2164 450 2227 quum
475 2141 516 2206 sit
539 2141 714 2206 adverbium
737 2140 924 2206 intensivum
941 2140 1083 2225 (etium).
1108 2139 1235 2206 Etenim
1251 2163 1358 2206 voru-¹

214 2259 259 2324 lte
286 2266 341 2327 καί
373 2263 440 2344 ἅμα
464 2264 534 2321 ante
566 2264 633 2326 τῶν
662 2263 870 2343 πρασσόντων
901 2277 962 2320 non
986 2255 1034 2318 illi
1061 2250 1263 2340 respondent,
1288 2255 1341 2320 sed

82 2417 85 2424 ,
215 2395 447 2458 praegressum
472 2371 505 2435 in
530 2371 647 2436 verbis:
670 2381 731 2455 την
753 2399 787 2438 τε
809 2373 978 2455 Βρασίδου
1002 2377 1135 2457 γνώμην
1159 2379 1224 2439 κτὲ.
1259 2369 1342 2436 Huic

214 2487 311 2573 igitur
332 2485 581 2570 interpretationi
604 2507 701 2549 meam
725 2485 927 2550 coniecturum
950 2485 1145 2570 superstruxi.

260 2601 335 2686 Cup.
360 2603 424 2666 124
448 2602 464 2686 ᾧ
489 2601 520 2666 3.
565 2599 700 2684 Legatur
723 2601 937 2687 προτέρων
962 2622 1017 2686 pro
1034 2607 1190 2687 πρότερον
1214 2607 1246 2666 θ1
1269 2622 1340 2665 mox

214 2737 230 2778 e
254 2715 358 2780 oodioe
382 2737 448 2780 meo
471 2714 567 2779 Paris.
592 2717 857 2800 διαφυγόντες
880 2737 935 2799 pro
958 2717 1198 2800 διαφεύγοντες.
1234 2714 1339 2781 Haud·

212 2813 365 2915 ¹(proquam
395 2829 484 2923 enim¹
505 2828 665 2913 intelligo,
700 2829 851 2914 quomodo
882 2833 1063 2915 διαφεύγων
1100 2831 1210 2917 aliquis
1240 2832 1362 2917 possit¹

211 2947 398 3032 ἡσυχάζειν.

255 3056 330 3143 Gap.
355 3059 420 3124 133
443 3060 457 3142 §
480 3065 546 3128 ὅτι
568 3059 608 3144 ἦν
633 3061 742 3128 αὐτῶν
765 3065 872 3134 ἄνθος
898 3060 1075 3126 ἀπολώλει.
1115 3058 1194 3123 Vide
1218 3081 1256 3124 uo
1278 3081 1338 3124 ser·

212 3171 309 3234 monis
331 3171 427 3235 Attioi
448 3171 613 3256 proprietas
636 3171 789 3256 postulet:
818 3173 977 3259 ὅτι(περ)
1000 3173 1124 3258 ἦν’κτὲ.
1172 3173 1218 3240 Of.
1238 3173 1339 3254 Cobet

212 3285 250 3348 sd
273 3284 458 3371 Hyperidem
481 3307 511 3370 p.
537 3288 588 3350 71.

256 3400 290 3464 P.
318 3402 358 3465 67
384 3399 423 3464 ud
445 3403 464 3464 2
485 3401 499 3482 5
520 3401 548 3465 3.
598 3398 644 3464 Of.
668 3420 788 3484 quoque
811 3400 859 3465 IV
884 3389 924 3467 96
948 3402 963 3483 p
986 3403 1016 3466 4.

257 3515 287 3580 V
305 3516 325 3579 3
348 3515 365 3599 d
382 3515 402 3580 3
427 3519 520 3591 εἴτις
537 3514 637 3592 ἄλλος
654 3517 850 3585 Χαλκιδέων
868 3515 924 3601 ἦν.
948 3515 1056 3581 Malim
1072 3524 1174 3600 ἐνῆν,
1190 3515 1334 3584 Toronae.

256 3631 289 3696 P.
316 3632 358 3696 70
381 3630 419 3694 od
444 3633 486 3695 10
510 3631 527 3712 d
551 3632 580 3695 2.
628 3628 675 3695 Of.
700 3629 818 3694 Herod.
840 3629 890 3696 IV
916 3632 979 3695 172
1006 3637 1082 3694 extr.

254 3746 329 3830 Gap.
354 3748 396 3812 10
420 3747 436 3831 d
460 3748 479 3812 8
504 3749 601 3823 εὐθύς
624 3750 798 3830 φεύγων.
849 3743 985 3828 Requiro
1010 3751 1168 3827 φυγών.

256 3859 328 3946 Cap.
356 3863 399 3927 20
422 3862 439 3945 b
463 3862 492 3925 2.
532 3857 668 3922 Ducibus
691 3859 853 3924 scholiasta
875 3867 907 3923 et
930 3865 1092 3937 contextu,
1117 3857 1207 3924 verba
1230 3857 1336 3924 obseu-

209 3975 329 4039 rissima
360 3975 403 4039 sio
434 3976 592 4040 cohaerere
616 3974 814 4040 crediderim:
838 3981 996 4045 σκοπείτω
1021 3976 1056 4044 δέ
1081 4005 1130 4055 τις
1154 3981 1238 4043 κατὰ
1261 3979 1336 4052 τούς

211 4101 343 4178 χρόνους
369 4097 489 4175 καὶμὴ
515 4096 686 4168 πιστεύσας
708 4091 832 4174 μᾶλλον
857 4098 916 4175 τὴν
940 4094 1166 4178 ἀπαρίθμησιν
1183 4096 1248 4159 τῶν
1265 4094 1335 4159 ὀνο·

208 4213 317 4290 μάτων
342 4209 407 4273 τῶν
433 4210 612 4290 ἑκασταχοῦ
637 4209 654 4286 ἠ
679 4207 846 4291 ἀρχόντων
870 4213 890 4290 η’
914 4209 978 4272 ἀπὸ
1002 4219 1095 4289 τιμῆς
1113 4233 1202 4282 τινος
1219 4231 1333 4293 σημαι-

212 4326 335 4388 νόντων
368 4323 399 4396 ἐς
431 4325 471 4385 rs
495 4320 768 4404 προγεγενημένα.
820 4317 913 4398 Quod
936 4320 962 4383 si
985 4319 1028 4384 ita
1051 4328 1114 4399 est,
1140 4320 1334 4386 menifestum

211 4431 352 4510 arbitror,
384 4431 474 4496 verbu
504 4439 563 4517 τὴν
594 4436 821 4520 ἀπαρίθμησιν
846 4441 910 4505 τῶν
935 4439 1115 4521 ὀνομάτων,
1141 4457 1216 4521 quae
1240 4436 1332 4501 hodie

211 4546 356 4632 leguntur
385 4552 455 4632 post
478 4544 569 4612 verbu
596 4550 660 4615 ἀπὸ
684 4557 775 4632 τιμῆς
799 4577 901 4628 τινος,
926 4549 1152 4634 transponendo
1175 4571 1241 4614 esse
1263 4555 1334 4635 post
