3166 5230
824 472 888 534 144

298 659 498 726 haberentur
533 657 573 724 ab
604 655 866 725 Atlculeueibru.
911 660 960 724 Ne
991 661 1035 725 sic
1067 661 1191 746 quidem
1221 662 1316 752 male,
1349 662 1415 726 imo

297 775 425 838 fortasse
448 773 575 851 rectius,
602 773 682 858 qnod
707 774 788 857 apud
812 773 1001 839 Herodotum
1024 775 1078 840 l.l.
1104 776 1236 840 dubitari
1260 783 1361 860 potest
1376 800 1417 841 an

202 931 214 950 .
299 890 377 955 nihil
399 913 416 953 c
440 889 547 954 scribis
568 897 722 973 peccatum
746 889 795 952 sit.
841 887 886 954 Of.
911 889 1006 954 Thnc.
1030 889 1112 955 VIII
1136 893 1192 970 95,
1217 890 1331 956 Herod.
1350 890 1418 954 VH

301 1007 384 1084 156,
409 1005 493 1068 Deru.
519 1027 549 1088 p.
575 1005 656 1082 240,
684 1007 723 1068 11
749 1013 779 1066 et
803 1006 886 1083 660,
912 1007 941 1068 7.

343 1118 417 1202 Pag.
448 1122 491 1184 42
523 1119 563 1182 ad
585 1121 627 1183 42
653 1120 669 1201 5
696 1119 727 1182 3.
772 1117 865 1182 Nunc
888 1117 950 1182 fere
972 1117 1070 1181 malo:
1095 1131 1414 1206 προνατημοροῦντες

300 1235 455 1312 ἐπίδειξίν
480 1261 607 1309 τινος.
654 1233 692 1297 In
717 1233 900 1316 praegressis
923 1237 977 1299 καί
1006 1232 1087 1296 delet
1108 1234 1169 1297 iarn
1191 1233 1307 1317 Popp0.

343 1347 415 1430 Pag.
430 1347 473 1410 43
485 1347 522 1410 ad
535 1348 576 1413 45
590 1348 607 1428 6
621 1348 652 1412 3.
678 1346 791 1410 Eodem
809 1369 898 1410 sensu
905 1396 914 1425 ‚
931 1346 984 1410 sed
996 1347 1097 1411 minus
1112 1347 1233 1424 leniter,
1246 1344 1414 1428 Kampium

300 1466 372 1542 τὴν
399 1464 551 1528 airolae
577 1458 663 1522 video
684 1458 856 1524 coniecisse.
880 1458 983 1523 Possis
1003 1480 1138 1544 qnoque:
1155 1497 1199 1506 —
1216 1464 1251 1526 αἱ
1267 1462 1296 1527 δ’
1312 1461 1415 1526 ἄλλαι

300 1577 471 1663 ξυντυχίοιι
494 1580 536 1640 τὸ
555 1581 707 1651 ἄνουν,
732 1585 798 1642 τῶν
822 1549 1008 1658 ἀνθρώπων
1028 1579 1071 1651 ὥς
1094 1576 1227 1650 ἕκαστος
1251 1602 1300 1650 τις
1323 1578 1416 1640 κατέ-

303 1717 392 1777 χεται
415 1691 469 1756 ὑπ’
481 1691 660 1776 ἀνηκέστου
684 1696 772 1768 τινὸς
796 1694 974 1774 κρείσσονος
1000 1694 1169 1771 ἐξάγουσιν
1194 1695 1225 1768 ἐς
1249 1693 1323 1766 τούς
1347 1718 1417 1757 κιν-

303 1805 430 1882 δύνους,
456 1803 476 1867 i.
499 1824 525 1867 e.
548 1809 641 1881 τούς
661 1807 937 1892 ἀνθρώπους,
960 1811 1003 1882 ὡς
1024 1806 1158 1880 ἕκαστος
1183 1806 1323 1871 αὐτῶν
1349 1811 1417 1871 κτὲ.

301 1917 391 1998 Quod
415 1919 540 1983 fortasse
561 1927 700 2006 praestat.
739 1918 831 1999 Quod
854 1919 967 1984 attinet
990 1918 1027 1983 ad
1049 1929 1213 2007 φρόνημα,
1237 1920 1269 1982 id
1286 1914 1417 1984 vocabu·

297 2032 363 2098 lum
393 2055 490 2117 neque
514 2057 531 2096 a
553 2033 728 2121 Thucydide
754 2057 852 2120 neque
878 2034 1019 2113 omnino,
1050 2035 1178 2100 sirecte
1203 2035 1344 2110 memini,
1375 2034 1417 2099 ab

298 2147 432 2231 antiquis
456 2146 652 2232 scriptoribus
674 2148 788 2212 Atticis
811 2148 848 2214 ι’νο
871 2147 997 2213 molam
1016 2155 1149 2235 purtem
1168 2148 1240 2233 poni
1263 2148 1341 2212 solet
1360 2171 1417 2232 pro

299 2265 389 2348 sesto
414 2269 503 2346 atque
531 2262 716 2330 insolentia.
763 2262 864 2342 Quare
891 2262 984 2327 etiam
1012 2263 1069 2327 hoc
1095 2263 1218 2327 nornine
1242 2271 1321 2326 recte
1347 2283 1418 2326 earn

300 2399 401 2442 vocem
428 2377 567 2462 expunxi.
613 2376 660 2444 Ib.
684 2378 721 2441 ad
744 2382 794 2444 52.
830 2377 942 2441 Similis
963 2385 1064 2441 tamen
1083 2377 1166 2442 locus
1190 2376 1243 2440 ΙΙΙ
1267 2378 1328 2440 109
1351 2379 1367 2461 6
1386 2379 1418 2440 1.

342 2493 415 2577 Pag.
441 2496 484 2557 44
506 2493 544 2557 ud
562 2494 604 2558 53
620 2499 698 2556 extr.
722 2500 892 2578 Φερόντων
916 2492 977 2556 iam
996 2492 1109 2576 placuit
1126 2492 1272 2575 Kn'igerc.
1304 2494 1418 2575 Ὓμών

301 2631 362 2674 nou
392 2608 487 2694 magis
511 2608 682 2673 addendum
717 2630 805 2691 qnam
828 2617 918 2693 ήμῶν
942 2607 980 2672 ad
1008 2609 1167 2692 δεομένων
1189 2629 1254 2691 cap.
1280 2606 1321 2670 55
1343 2607 1360 2690 ᾧ
1386 2609 1416 2670 1.

300 2724 345 2792 Ib.
369 2725 407 2790 ad
432 2728 484 2792 56.
530 2724 646 2789 Vocula
668 2729 733 2791 που
754 2722 864 2788 servari
893 2722 1015 2808 poterit.

342 2840 416 2925 Peg.
436 2843 478 2905 45
504 2863 545 2904 vs.
570 2843 597 2903 1.
646 2838 732 2902 Adde
755 2837 849 2902 Thur.
874 2837 890 2902 1
916 2839 991 2904 126.

342 2953 415 3039 Oap.
439 2954 481 3020 58
501 2959 577 3017 extr.
625 2952 799 3038 Ἐρημοῦτε
826 2973 880 3035 pro
911 2957 1085 3037 ἐρημώσετε
1118 2949 1195 3015 male
1225 2949 1414 3015 defenditur.

343 3068 417 3155 Cap.
438 3071 479 3136 59
501 3071 515 3152 fi
536 3072 566 3133 2.
590 3067 728 3131 Conieci:
746 3077 834 3152 ἡμεῖς
849 3094 883 3133 τε
895 3102 939 3112 -
956 3071 1135 3147 αἰτούμεθα
1156 3068 1359 3149 6μᾶς,’θεοι)ς
1372 3101 1417 3112 -

219 3237 221 3240 -
301 3189 526 3272 ἐπιβοώμενοι,
551 3192 697 3250 πεῖσαι
725 3184 816 3258 τάδε,
847 3180 1191 3263 προφιρομένους
1219 3183 1333 3265 ὅρκους
1361 3185 1418 3258 οὓς

300 3302 331 3365 οἱ
357 3299 491 3382 πατέρες
513 3302 601 3380 ὑμῶν
630 3301 758 3381 ὤμοσαν
784 3304 825 3380 μὴ
852 3299 1062 3382 ἀμνημονεῖν,
1088 3297 1197 3362 Υἱκέται
1221 3296 1277 3379 (τι)
1306 3309 1418 3380 gryso-

299 3425 387 3497 μεθα
420 3416 509 3497 ὑμῶν
543 3411 647 3496 (πρὸς)
676 3421 739 3479 τῶν
768 3438 926 3497 πατρῳιον
952 3420 1061 3493 τάφων
1087 3417 1143 3476 καὶ
1171 3411 1418 3495 ἐπικαλουμεθοι

299 3533 373 3603 τούς
411 3532 628 3612 κεκμηκότας,
660 3532 701 3608 μὴ
739 3527 892 3606 γενέσθαι
929 3532 996 3592 ἐπὶ
1033 3530 1189 3616 Θηβαίοις
1217 3533 1283 3592 uri.
1329 3525 1417 3589 Noto

300 3641 472 3706 Graecismo
496 3641 692 3728 προφέρομοιι
712 3642 807 3725 ὅρκον
830 3637 939 3702 (licitur
963 3660 1017 3722 pro
1033 3642 1227 3725 προφέρεταί
1241 3667 1295 3722 μοι
1311 3644 1417 3722 ὅρκος.

300 3755 347 3822 Of.
371 3756 489 3840 Kriiger
508 3754 545 3817 ad
569 3754 645 3819 173
661 3755 675 3836 6
693 3755 721 3817 2.
768 3751 877 3836 Neque
894 3762 1204 3840 προφερόμενοι
1230 3759 1345 3839 ὅρκους
1361 3775 1416 3839 pro

301 3873 587 3957 προφέροντος
608 3891 670 3933 nou
695 3876 814 3954 pugnat
836 3892 903 3934 curn
929 3892 984 3934 usu
1011 3869 1205 3935 Graecorum.
1233 3868 1336 3933 Lectio
1353 3891 1417 3934 non

300 3985 456 4048 intellecta
475 4005 492 4046 a
515 3982 731 4047 correctoribus
757 3983 794 4046 de
817 3983 966 4048 industria
994 3990 1111 4048 mutata
1133 3982 1259 4057 videtur,
1278 3989 1312 4045 nt
1330 3983 1419 4065 iungi

300 4105 402 4182 posset
425 4121 493 4164 cum
519 4110 619 4186 ἡμεῖς.
650 4100 769 4184 .Praep.
794 4104 862 4168 ἐπί
885 4099 1034 4184 aptiorem
1058 4121 1121 4162 esse
1145 4119 1235 4182 quam
1257 4102 1333 4165 ὑπὸ
1358 4097 1419 4161 iarn

300 4237 361 4279 nou
391 4215 546 4299 praeteriit
577 4214 769 4301 Kriigerum,
806 4217 858 4300 qui
885 4225 982 4280 tauron
1014 4215 1092 4280 male
1119 4220 1223 4278 tuetur
1254 4212 1420 4296 vulgatam.

301 4326 386 4407 Quae
418 4328 531 4392 inserui
564 4336 604 4396 τὲ
636 4337 668 4393 et
698 4336 798 4416 πρὸς
827 4335 968 4416 (quorum
995 4329 1071 4394 illud
1098 4328 1159 4392 iam
1181 4327 1339 4391 Reiskium
1363 4327 1422 4390 hoo

302 4441 451 4508 (lebetum
486 4443 570 4508 video
602 4442 775 4530 coniecisse)
808 4454 839 4509 et
874 4445 1015 4510 facillime
1043 4450 1209 4529 potuerunt
1239 4440 1353 4526 negligi
1386 4449 1420 4504 et

304 4579 426 4648 prorsus
453 4567 524 4624 sunt
551 4559 728 4624 necessaria.
775 4559 902 4648 Insuper
925 4559 1027 4626 nescio
1050 4581 1087 4624 an
1115 4558 1273 4622 verborum
1296 4577 1419 4643 compo-
