3190 5232
821 487 862 551 24

287 682 528 767 ξολλήψεσθαι,
566 679 616 764 qni
654 676 829 742 Infinitivns
853 671 968 762 pendet
988 676 1027 741 ab
1050 679 1169 758 ἀνεῖλε,
1195 676 1406 761 expellendum

287 800 333 857 est
358 795 400 859 54
425 797 442 876 d
467 795 496 857 3.

331 910 405 995 (lap.
441 913 458 973 7
489 911 506 992 d
539 912 566 973 1.
603 915 633 976 οἱ
660 911 916 993 Λακεδαιμόνιοι
939 914 993 975 καί
1018 914 1049 977 σί
1072 912 1229 996 ξιλμμαχοι
1258 909 1405 993 [adtritu]

288 1024 373 1088 Haeo
406 1023 550 1097 formula,
576 1045 653 1108 quae
676 1023 845 1087 innumeris
868 1023 942 1087 locis
966 1022 1045 1107 apud
1068 1029 1208 1088 nostrum
1233 1024 1315 1087 salva
1340 1047 1405 1088 eva·

289 1139 345 1216 sit,
377 1137 506 1202 subinde
536 1137 738 1221 corrumpitur
770 1137 971 1222 interpretum
995 1136 1228 1217 additamentis,
1254 1139 1335 1224 quod
1359 1140 1406 1203 bis

288 1254 399 1318 accidit
422 1253 505 1316 VIII
529 1254 580 1322 37.
606 1252 658 1317 ubi
683 1252 865 1336 adscriptum
890 1257 936 1316 est
958 1261 1024 1320 τῶν
1049 1256 1330 1336 Λακεδαιμονίων.
1368 1255 1405 1319 In

288 1369 407 1432 foedere
427 1367 474 1431 IV
496 1370 559 1433 118
585 1369 602 1450 d
627 1371 645 1434 8
669 1390 773 1432 rursus
795 1367 923 1449 legitur:
944 1370 1200 1450 Λακεδαιμόνιοι
1215 1377 1268 1436 καὶ
1287 1376 1318 1437 οἱ
1333 1374 1407 1455 §clp-

289 1513 385 1573 μαχοι
412 1485 560 1567 [adtritu]

335 1598 384 1662 lb.
408 1603 425 1684 b
452 1603 479 1662 2.
508 1605 560 1664 ιιοιί
582 1600 854 1681 Λακεδαιμονίοις
878 1605 936 1679 μὲν
967 1635 1006 1645 -
1032 1608 1099 1675 τοῖς
1123 1603 1280 1668 ταίιείνοιν
1302 1605 1410 1686 ἑλομέ-

292 1742 361 1792 νοις
381 1724 459 1790 ναῦς
481 1718 782 1800 ἐπετάχθησαν
808 1724 972 1780 ποιεῖσθαι
1002 1721 1085 1782 κατὰ
1105 1717 1244 1798 μέγεθος
1267 1726 1333 1784 τῶν
1354 1746 1409 1784 πο·

295 1832 385 1898 λιων.
443 1830 524 1893 Loco
558 1827 719 1892 manifesto
755 1834 897 1912 corrupto
928 1828 1024 1893 Cobet
1058 1830 1196 1895 medetur
1232 1830 1407 1896 scribendo:

290 1947 546 2027 Λακεδαιμόνιοι
572 1944 652 2023 (cunr
676 1942 762 2006 codd.
787 1943 902 2026 aliquot
924 1944 956 2007 in
980 1966 1106 2028 quorum
1132 1967 1256 2010 numero
1284 1954 1330 2011 est
1348 1947 1408 2012 Va-

289 2059 421 2143 ticanus)
443 2097 486 2107 -
511 2065 840 2146 ἐπετιτάχισαντ
870 2065 965 2136 recte,
990 2059 1048 2122 nisi
1073 2060 1155 2145 quod
1178 2061 1217 2125 ob
1233 2084 1407 2148 praegressa

287 2165 340 2239 illa
367 2179 644 2260 παρεσκευάζοντο
670 2178 703 2241 δὲ
730 2183 784 2242 καί
811 2180 840 2241 οἱ
862 2178 1117 2258 Λακεδαιμόνιοι
1141 2177 1240 2261 aptior
1263 2177 1338 2241 mihi
1363 2178 1407 2242 vi·

289 2290 377 2360 detur
402 2291 540 2355 Aeristus
564 2293 735 2368 ἐπέταξαν.
781 2290 938 2354 Retinenti
962 2291 1105 2355 Dativum
1131 2295 1407 2378 Λακεδαιμονίοις

291 2411 369 2469 certe
403 2402 625 2468 rescribendum
660 2403 717 2468 erit
744 2410 918 2493 ἐπετάχθη,
947 2413 980 2468 ut
1004 2405 1063 2468 iam
1087 2405 1124 2469 ab
1148 2405 1215 2470 aliis
1237 2407 1406 2470 coniectum

290 2527 349 2599 est,
363 2519 511 2604 probante
524 2518 555 2582 in
570 2517 662 2582 altera
676 2517 809 2582 editione
822 2518 975 2603 Poppone.
992 2518 1217 2603 subsequentes
1236 2520 1408 2583 Accusativi

290 2641 510 2726 ἡσυχάζοντας
543 2673 585 2684 -
618 2638 810 2724 δεχομένους
845 2634 1028 2699 documento
1057 2642 1130 2698 sunt
1154 2635 1230 2700 male
1254 2634 1409 2700 Reislrium

290 2752 474 2817 coniecisse:
502 2757 532 2819 οἱ
557 2756 712 2818 edaciores
736 2750 891 2832 ἑλόμενοι.

335 2868 408 2953 Cap.
435 2870 453 2932 9
478 2867 496 2947 d
521 2869 551 2931 1.
591 2866 861 2948 Λακεδαιμονίων
894 2870 952 2947 μὲν
983 2865 1049 2930 oi'dr
1080 2867 1259 2950 ξύμμαχοι·
1287 2873 1324 2930 H
1331 2866 1412 2930 aio·

291 2995 517 3066 ποννήσιοι
545 2987 604 3066 μὲν
637 2986 675 3048 οἱ
710 2985 829 3057 ἐντὸς
855 2986 1006 3064 lodged
1032 2988 1150 3054 πάντες
1174 2978 1259 3060 πλὴν
1288 3017 1328 3025 -
1353 2982 1412 3057 ἔξω

292 3101 325 3165 δὲ
363 3099 615 3179 Πελοποννήσου
641 3103 796 3179 Μεγαρῆς
822 3101 889 3160 att.
936 3090 1074 3156 Absurde
1098 3090 1317 3169 describitur,
1343 3091 1413 3176 quia

292 3213 368 3277 nulli
403 3218 474 3274 sunt
498 3208 711 3294 Peloponnesii
737 3217 822 3272 extra
848 3207 1008 3270 Isthmum.
1056 3208 1101 3272 De
1127 3208 1339 3293 expungendis
1362 3231 1413 3272 vc·

291 3327 405 3392 oabnlis
431 3331 462 3393 οἱ
488 3331 578 3400 ἐντὸς
605 3332 720 3407 ἰσθμοῦ
744 3345 833 3388 nemo
857 3344 948 3386 sanus
972 3322 1132 3406 cogitabit,
1158 3323 1229 3408 quia
1253 3324 1335 3388 nulla
1363 3346 1414 3386 ex-

291 3442 394 3528 putari
419 3461 508 3504 causa
533 3443 652 3523 potest,
678 3459 731 3501 cnr
754 3439 821 3522 quis
845 3460 879 3502 ea
903 3437 995 3500 verba
1017 3436 1208 3504 adscriberet.
1234 3438 1296 3501 Vix
1313 3444 1413 3501 autem

291 3556 398 3620 dubito
430 3555 524 3618 Tbue.
561 3551 731 3636 scripsisse:
768 3558 903 3636 οἱμὲν
929 3558 1050 3627 ἐντὸς
1079 3551 1248 3637 Ἰσθμοῦ
1273 3561 1412 3631 πάντες,

291 3677 326 3736 ut
354 3672 614 3752 Πελοποννήσιοι
639 3667 706 3730 eins
728 3665 876 3730 formulae
899 3667 1205 3749 interpretamentum
1230 3666 1281 3729 sit.

335 3785 408 3870 (lap.
434 3787 474 3848 11
501 3786 517 3867 d
542 3783 572 3848 5.
597 3793 672 3849 πᾶσι
699 3789 759 3868 γὰρ
784 3788 826 3849 ἐν
852 3791 941 3856 τοῖς
962 3787 1116 3866 ὄμμασι
1139 3789 1192 3848 καὶ
1219 3786 1252 3848 ἐν
1273 3790 1317 3864 τῷ
1336 3809 1415 3866 παρ·

293 3906 411 3967 αοτίιια
450 3904 529 3984 ὁρᾶν
562 3905 745 3985 πάσχοντάς
771 3926 799 3964 τι
826 3904 929 3982 ἄηθες
955 3901 1031 3980 ὁρμὴ
1056 3900 1263 3982 προσπίπτοι.
1296 3892 1416 3958 Obscu-

292 4013 407 4077 tissime
443 4011 593 4076 sententia
632 4010 713 4074 clara
747 4011 813 4074 luce
846 4009 994 4095 fulgebit,
1030 4009 1159 4094 repetita
1194 4008 1416 4095 praepositione

293 4133 326 4196 ἐν
363 4128 385 4190 si
413 4127 584 4211 scripseris:
619 4133 661 4194 ἐν
687 4124 784 4204 τοῖς
810 4127 881 4209 (ἐν)
907 4133 1072 4209 ὄμμασι.
1119 4123 1164 4188 Cf.
1189 4123 1266 4189 Plnt.
1290 4123 1415 4190 Theaet.

292 4265 321 4326 p.
356 4245 419 4306 174
444 4265 460 4305 ο
508 4244 618 4327 Ὄμμα
644 4264 697 4326 pro
722 4243 832 4326 θέαμα
859 4239 1040 4324 tragicorum
1065 4245 1112 4301 est
1134 4238 1228 4323 idque
1250 4240 1347 4323 ipsum
1371 4261 1417 4304 ra-

296 4358 459 4446 rissimum.

337 4479 357 4542 †
380 4470 454 4554 Cap.
478 4471 519 4535 13
543 4472 560 4551 d
586 4473 612 4534 1.
637 4475 710 4547 τούς
734 4473 850 4554 dynam
879 4473 979 4538 αὐτοῦ
1005 4469 1173 4554 παραλίπῃ
1200 4467 1269 4550 [καὶ
1293 4475 1334 4550 μὴ
1359 4469 1415 4554 δῃ-

296 4586 398 4670 sloe}
447 4584 723 4666 Interpretamento
747 4581 836 4667 periit
860 4582 958 4646 omnis
982 4583 1129 4646 sermonis
1155 4583 1243 4648 nitor.
1270 4582 1415 4647 Similiter
