3166 5230
717 491 758 559 95

178 681 310 746 viderem
334 682 368 748 iu
391 683 456 748 cod.
481 694 518 751 H
527 733 534 756 ‚
560 684 613 768 qui
644 683 763 768 saepius
787 683 933 748 leotioues
957 683 1071 748 obtulit
1099 684 1179 748 haud
1215 707 1294 768 sper·

178 796 294 861 mendae
325 797 490 878 bonitatis,
526 799 624 883 ipsum
658 797 735 862 illud
771 799 950 886 λαμβάνειν
983 797 1156 862 desiderari.
1203 799 1293 864 Unde

178 910 306 976 subnata
327 914 403 978 mihi
423 913 552 1000 suspicio
572 921 728 978 accentum
745 912 822 977 male
843 913 976 996 positum
995 913 1094 977 fraudi
1117 914 1210 978 fuisse
1228 936 1294 978 cor-

178 1028 360 1107 rectoribus,
385 1030 591 1116 Thucydidem
616 1036 717 1093 autem
746 1028 899 1112 scripsisse
919 1033 1098 1116 ναυμαχίας
1122 1033 1293 1096 υἰποπει·

177 1154 265 1227 ράν,
280 1143 533 1227 quemadmodum
557 1143 621 1207 VII
638 1147 678 1208 17
691 1149 768 1208 extr.
781 1142 941 1206 scribitur:
964 1147 1049 1220 ὅπως
1061 1148 1243 1232 ναυμαχίας
1259 1172 1292 1211 τε

177 1260 508 1343 α’ποπειράσωσι,
531 1258 584 1323 ubi
608 1257 711 1322 malim
736 1261 1087 1341 α’ποπειράσουσι.
1111 1255 1243 1341 -Ιίαφ
1262 1261 1292 1322 2.

177 1372 278 1452 λέγων
308 1373 375 1440 οὐδ’
399 1379 542 1448 ἐκείνους
563 1379 699 1456 πάτριον
727 1380 785 1455 τὴν
807 1375 973 1458 ἐμπειρίαν
999 1371 1072 1438 οὐδὲ
1105 1373 1213 1439 οἰίδιον
1238 1385 1293 1457 τῆς

177 1486 341 1572 θαλάσσης
369 1491 457 1575 ἐχειν
484 1485 584 1571 [ἀλλ’]
618 1493 801 1570 ἠπειρώτας
833 1486 958 1570 μᾶλλον
982 1492 1047 1552 τῶν
1079 1490 1291 1568 Συρακοσίων

175 1604 273 1677 ὄντας
299 1606 354 1665 καί
382 1602 655 1683 ἀναγκασθέντας
682 1605 744 1666 ὑπὸ
772 1600 897 1681 Μήδων
931 1603 1103 1675 ναυτικοδς
1127 1600 1292 1679 γενέσθαι.

176 1711 323 1776 Voculam
352 1715 447 1791 οἰλλά,
471 1736 547 1798 quae
575 1713 659 1778 abest
682 1736 699 1777 a
723 1712 882 1790 Vaticano,
908 1711 1092 1796 adscriptam
1116 1711 1251 1795 suspicor
1274 1735 1292 1776 a

177 1826 290 1906 sciolo,
331 1828 383 1912 qui
417 1850 477 1892 non
511 1828 689 1912 intelligens
732 1825 856 1890 verbum
900 1828 1054 1909 γενέσθαι
1090 1826 1219 1909 pondere
1253 1827 1291 1892 ab

176 1945 448 2025 ἀναγκασθέντας
472 1950 674 2008 construeret:
699 1944 801 2024 λέγων
830 1941 898 2008 ουδ’
923 1946 1062 2018 ἐκείνους
1080 1981 1120 1990 ·-
1144 1946 1230 2031 ἐχειν
1251 1983 1291 1992 -

176 2058 341 2138 γενέσθαι.
388 2055 468 2120 Ιιοοο
491 2058 551 2120 iam
587 2057 749 2142 depravato
784 2054 865 2120 haud
899 2053 1028 2118 absurde
1055 2055 1221 2139 opitulatus
1245 2063 1291 2120 est

177 2169 229 2254 qui
253 2169 325 2233 olim
357 2177 505 2236 corrector
534 2178 603 2256 post
625 2179 722 2250 ὄντας
741 2169 850 2234 abiecit
870 2168 1023 2253 copulam:
1048 2191 1137 2254 quam
1162 2193 1224 2235 rem
1247 2178 1292 2236 te-

177 2290 296 2348 stantur
320 2284 406 2350 codd.
430 2285 552 2370 quidam
576 2285 756 2377 deteriores,
780 2308 797 2349 a
821 2283 932 2369 quibus
954 2282 1050 2348 abest.
1069 2285 1144 2366 -φ
1169 2288 1186 2348 5
1206 2287 1291 2354 ἰέναι

177 2393 234 2466 οὖν
259 2399 404 2467 ἐκέλευεν
425 2405 456 2476 ἐς
479 2407 549 2483 τὴν
570 2411 685 2488 πεῖραν
709 2400 778 2483 [τοῦ
796 2399 965 2482 ναυτικοῦ]
988 2405 1041 2465 καί
1061 2407 1103 2483 μὴ
1124 2403 1291 2466 α’ποκνεῖν.

177 2511 344 2598 Aliquanto
370 2513 539 2596 elegantius
574 2514 646 2577 haec
681 2512 761 2578 dicta
796 2521 905 2590 eruut,
930 2511 1057 2576 abiectis
1082 2533 1159 2595 quae
1181 2511 1291 2578 inclusi

177 2626 325 2691 cancellis.
373 2623 573 2692 Confirmabit
603 2629 804 2694 coniecturam
831 2628 896 2710 ipse
925 2626 1019 2692 Thuo.
1054 2626 1132 2691 infra
1156 2649 1219 2711 cap.
1247 2629 1289 2694 42

177 2741 324 2806 scribens:
348 2744 495 2824 ἠπείγετο
520 2743 698 2809 ἐπιθέσθαι
719 2753 758 2828 τῇ
782 2745 878 2827 πείρᾳ
906 2747 970 2808 κτέ.

221 2856 295 2941 Oap.
320 2857 362 2921 23
387 2858 403 2938 b
433 2859 462 2920 1.
491 2860 680 2943 προσπεσὼν
710 2858 900 2937 αἰφνιδίως.
949 2852 1092 2918 Aduerbii
1121 2875 1209 2919 usum
1242 2876 1292 2918 su-

180 2978 319 3056 spectum
342 2970 475 3035 reddunt
497 2969 573 3048 loci,
591 2971 693 3056 quales
708 2977 779 3034 sunt
792 2968 838 3032 IV
863 2970 903 3035 75
923 2969 1140 3045 κατελθόντος
1165 2975 1292 3051 αἰφνι-

176 3087 288 3162 δίου,
313 3083 359 3147 VI
382 3087 424 3150 49
441 3093 484 3151 αἰ
492 3088 662 3170 φνίδιοι
679 3087 717 3172 ἦν
740 3087 959 3172 προσπέσωσιν
982 3082 1046 3167 (ubi
1068 3089 1169 3146 tamen
1191 3083 1222 3146 in
1240 3105 1291 3168 op·

175 3200 258 3264 timis
281 3205 327 3263 est
349 3201 540 3284 αἰφνίδιον),
565 3199 644 3264 VIII
666 3203 706 3266 14
730 3205 945 3283 ἀφικνοῦνται
959 3199 1179 3282 αἰφνίδιοι
1203 3203 1234 3260 et
1249 3197 1292 3263 ib.

176 3318 218 3380 28
242 3317 535 3402 προσβαλόντες-
548 3344 569 3382 α
580 3322 621 3400 ἰφ
633 3343 650 3383 ν
661 3318 700 3382 ld
710 3343 777 3382 ιοι.
802 3313 974 3378 Mutatioue
997 3334 1092 3397 paene
1113 3313 1196 3377 nulla
1212 3313 1290 3389 loco,
1321 3391 1324 3396 Ι

174 3450 267 3513 quem
287 3434 468 3507 tractamus,
494 3428 583 3493 scribi
611 3429 708 3514 possit
730 3430 898 3512 αἰφνίδιος
928 3435 959 3490 et
987 3426 1128 3491 similiter
1157 3425 1185 3487 V
1218 3430 1237 3493 8
1262 3433 1293 3492 et

176 3543 195 3606 9
237 3543 435 3629 (ἐβουλεύετο
477 3549 650 3632 ἐπιχειρεῖν
685 3546 863 3628 αἰφνιδίως
898 3548 929 3606 et
964 3550 1053 3624 ἄγων
1090 3544 1290 3627 αἰφνιδίως).

176 3655 284 3720 Paullo
309 3656 404 3740 magis
429 3656 571 3723 adverbio
599 3658 702 3722 lavent
730 3658 789 3722 duo
820 3657 879 3720 loci
902 3655 951 3723 IV¹
973 3658 1014 3721 96
1039 3658 1291 3741 ὑπερφανέντων

174 3775 405 3856 αἰφνιδίως
429 3782 461 3837 et
482 3772 546 3859 VH.
571 3775 591 3838 3
613 3780 655 3842 αἰ
673 3774 1091 3856 φνιδίως-ἰπιόντων.
1115 3808 1158 3818 —-
1182 3772 1198 3853 φ
1220 3774 1239 3836 2
1260 3777 1292 3849 ἐς

174 3895 210 3956 τὸ
236 3890 453 3973 στρατόπεδον
475 3891 718 3973 ἐξεκομίζοντο.
753 3885 882 3969 Propter
905 3884 1008 3949 addita
1031 3883 1120 3947 verba
1143 3889 1211 3951 ὅσοι
1237 3891 1292 3952 καί

176 4007 207 4080 ἐς
228 4009 267 4069 τά
292 4003 390 4070 πλοῖα
415 4004 657 4085 -κατέφυγον
682 4001 827 4084 corrigam
859 4002 1091 4084 διεκομίζοντο.
1140 3997 1215 4063 Mox
1237 3999 1292 4063 im·

175 4125 304 4202 portune
344 4119 458 4181 inserta
488 4115 595 4201 copula
630 4115 727 4180 verbis
757 4121 819 4183 ὑπὸ
847 4123 994 4199 τριήρους
1021 4123 1096 4198 μιᾶς
1137 4113 1221 4199 [καί]
1259 4109 1293 4181 εὖ

176 4233 344 4318 πλεούσης.
363 4233 445 4313 -φ
473 4232 503 4295 3.
527 4238 584 4309 τὰς
607 4239 671 4300 τῶν
700 4233 899 4317 Ἀθηναίων
927 4229 1045 4313 [ναῦς]
1097 4227 1210 4292 Ultima
1235 4249 1293 4293 vox

177 4344 342 4409 rectissime
367 4344 454 4410 abest
475 4368 493 4409 a
523 4345 624 4411 codice
656 4345 796 4410 Parisino
825 4353 861 4412 H
878 4345 924 4430 1),
947 4343 995 4408 cui
1018 4342 1098 4407 libro
1121 4342 1203 4409 iuter
1221 4343 1293 4407 alias

181 4501 374 4510 ——-...----

210 4592 233 4654 1)
252 4591 339 4658 Quidni
355 4591 428 4655 igitur
446 4592 580 4657 magistellis
599 4595 741 4654 tribuemus,
768 4594 828 4660 quod
852 4593 876 4643 Il
896 4594 926 4642 89
946 4597 956 4656 ί
975 4597 988 4641 5
1008 4600 1060 4658 port
1077 4593 1182 4666 ὀλίγαις
1206 4595 1292 4656 legitur
