3190 5232
850 473 892 542 34

305 669 584 754 προσῳκοδόμοον.
630 665 729 732 Verba
758 667 876 730 incluse
905 663 1050 747 postilla
1077 668 1112 730 ἐκ
1142 673 1196 731 τοῦ
1223 669 1313 741 ἐντος
1337 664 1427 728 nimis

305 781 403 844 otiosa
425 788 513 860 sunt,
537 803 637 864 neque
659 779 697 844 ab
720 780 786 863 ipso
810 779 956 843 historico
979 778 1130 862 adscripta
1154 778 1305 842 videntur.

348 895 419 980 Cup.
436 899 475 960 77
489 898 506 980 ὕ
518 899 551 960 4.
575 902 664 974 ε’ντὸς
677 902 737 982 γὰρ
750 895 871 962 πολλοῦ
888 894 1045 982 [χωρίου]Ι
1067 892 1300 956 substantivum
1311 898 1425 980 χωρίον

303 1017 349 1074 est
372 1032 408 1074 ex
432 1032 467 1074 eo
492 1009 705 1074 vocabulorum
730 1029 873 1086 numero,
898 987 1009 1092 quibus
1033 1007 1193 1090 magistelli
1218 989 1353 1070 veterum
1384 1007 1426 1070 lu·

302 1125 440 1189 cutiones
468 1125 619 1209 elliptieas
650 1123 769 1208 explere
806 1123 918 1186 solent.
964 1121 1059 1185 Aliud
1081 1121 1254 1204 exemplum
1278 1120 1441 1206 reperitur

301 1237 319 1300 I
343 1240 384 1303 63
407 1240 425 1322 d
447 1242 466 1302 2
490 1245 532 1317 ὥς
557 1247 588 1315 ἐς
613 1240 781 1326 ἐλάχιστον
809 1239 970 1326 [χωρίον],
994 1237 1076 1301 aliud
1101 1260 1170 1300 mox
1195 1260 1259 1321 eap.
1281 1240 1322 1302 78
1339 1267 1424 1320 περι·

302 1357 458 1441 ετείχιζον
481 1361 540 1437 τὴν
557 1355 652 1420 πόλιν
671 1354 777 1438 κιίκλῳ
794 1355 971 1437 διελόμενοι
989 1359 1072 1418 κατὰ
1088 1354 1196 1429 πόλεις
1215 1352 1264 1434 [τὸ
1282 1352 1434 1439 χωρίον],.

301 1465 353 1530 ubi
367 1466 398 1530 in
414 1467 555 1552 flagranti
566 1465 819 1551 deprehendimus
830 1466 982 1530 falsarium
991 1507 1005 1543 ‚·
1021 1466 1202 1548 comparatis
1218 1465 1306 1541 lucie,
1324 1465 1436 1548 quales·

301 1581 333 1646 hi
348 1589 435 1646 sunt:
461 1581 508 1644 IV
526 1584 567 1648 68
584 1591 705 1668 τάφρον
729 1611 762 1648 τε
780 1582 1221 1669 καίτείχηδιελομὲνηή
1237 1581 1424 1667 στρατια,1ί

302 1697 342 1762 75
368 1697 615 1780 ὸιελόμενοι
640 1704 700 1782 τίγν
724 1697 821 1765 πόλιν
843 1700 1087 1784 περιετείχιζον,
1106 1695 1133 1756 V
1152 1698 1216 1759 114
1241 1696 1425 1779 διελόμε-

304 1837 370 1877 νοι
404 1817 487 1876 κατὰ
519 1811 626 1889 πόλεις
654 1815 889 1897 περιετείχισαν
918 1811 1024 1895 κῦκλῳ
1051 1815 1124 1886 τούς
1146 1812 1307 1894 Μηλίους.
1354 1808 1424 1872 Alio

301 1923 577 2007 interpretamento
607 1924 687 1986 idem
721 1923 864 2007 loquendi
888 1945 984 2007 genus
1007 1923 1202 1987 obliteratum
1225 1930 1272 1986 est
1295 1922 1359 1986 VII
1383 1925 1423 1988 19

302 2038 319 2120 ᾧ
345 2041 362 2101 1
396 2043 508 2106 ἔπειτα
538 2040 712 2106 Δεκέλειαν
742 2042 897 2127 ἐτείχιζον
926 2045 1009 2104 κατὰ
1036 2039 1146 2114 πόλεις
1178 2039 1422 2122 διελόμενοι

305 2151 354 2233 [τὸ
379 2153 504 2236 ὲ’ργον].

346 2265 420 2350 Cap.
447 2268 487 2331 78
511 2267 528 2350 d
553 2268 583 2330 1.
609 2266 755 2350 Suspecta
777 2266 852 2330 mihi
876 2273 948 2332 eunt
965 2290 1032 2331 eum
1049 2266 1203 2330 Classenio
1222 2265 1311 2330 verbe
1327 2269 1419 2350 μέρος

302 2385 360 2467 μέν
387 2411 418 2447 τι
442 2419 486 2428 -
507 2383 652 2464 ἀφέντες.
686 2380 824 2444 Praestat
846 2387 948 2444 tumen
972 2383 1073 2444 omniu
1096 2382 1226 2444 retinere
1248 2403 1337 2465 quam
1354 2402 1420 2444 euru

303 2496 390 2560 eodd.
417 2516 589 2579 expungere
614 2495 677 2558 sola
701 2494 847 2560 voeabula
870 2503 906 2563 τὸ
930 2535 974 2543 -
1000 2500 1144 2580 α’φίντες.

342 2611 417 2694 Cap.
443 2614 485 2676 80
508 2614 524 2696 d
544 2613 575 2674 4.
600 2617 631 2677 οἳ
655 2615 830 2697 ὕστερον
855 2611 972 2695 ἦλθον,
998 2611 1033 2674 Π
1057 2612 1339 2694 δῦλῦστερον
1360 2639 1419 2678 πα-

296 2729 466 2810 ρεγίνοντο
490 2733 522 2790 et
545 2724 609 2789 VII
634 2729 674 2790 27
697 2727 715 2810 ᾧ
739 2729 757 2789 2
782 2731 825 2801 τίς
845 2729 1023 2813 ὕστερον
1052 2727 1279 2811 παρεγένοντο.
1315 2722 1418 2802 Quum

297 2841 370 2904 sutis
401 2835 526 2904 constet'
552 2840 877 2926 (λειοοὶοὕστερον
908 2847 974 2926 ὕκιο
1005 2863 1068 2903 esse
1097 2847 1211 2926 postea
1239 2837 1332 2902 venio
1363 2838 1417 2902 sed

295 2960 466 3040 ὕστερος
488 2965 554 3040 ὕκοο
580 2961 643 3036 (z
658 2958 789 3040 ὑστερῶ)
812 2975 883 3020 sero
906 2954 1014 3032 venie,
1041 2955 1165 3018 dubium
1191 2974 1252 3017 nun
1276 2961 1321 3016 est
1341 2953 1415 3035 quin

295 3067 391 3132 tribus
414 3068 461 3133 his
485 3069 558 3132 loeis
581 3076 613 3134 et
636 3069 702 3133 aliis
724 3070 853 3134 fortasse
876 3071 956 3154 apud
980 3070 1186 3155 Thucydidem
1209 3069 1416 3154 reponendum

294 3182 334 3246 sit
355 3187 490 3268 ὕστεροι.
531 3183 753 3269 seripturarum
777 3183 957 3268 compendia
982 3184 1192 3249 huiuscemodi
1219 3206 1332 3247 errores
1349 3207 1415 3269 per-

294 3304 386 3382 petuo
410 3298 537 3381 gignere
569 3298 677 3362 mirum
711 3319 772 3361 non
804 3306 857 3362 est.
904 3297 992 3362 Salva
1024 3299 1121 3362 evasit
1144 3317 1213 3362 vera
1237 3298 1413 3362 lectionum

293 3410 364 3474 alibi
387 3417 452 3474 tum
476 3411 557 3475 hisee
572 3411 664 3476 locis:
686 3411 846 3496 Aristoph.
874 3412 989 3478 Eecles,
1009 3415 1083 3487 381,
1103 3413 1174 3498 Lys.
1193 3416 1234 3479 69
1255 3412 1412 3496 (01326),

293 3525 398 3610 Eurip.
422 3525 513 3591 Rhea.
538 3529 617 3605 412,
645 3526 684 3591 H.
711 3526 746 3591 F.
772 3526 1412 3612 522,1174‚Phoen‚1441etThueyd.

293 3640 346 3704 III
371 3644 411 3706 38
436 3644 453 3726 d
476 3644 498 3705 4
520 3645 644 3726 ὕστεροι
669 3644 905 3725 ἀκολουθῆσαι.

335 3754 408 3840 Cep.
435 3757 475 3820 81
510 3756 582 3839 dl.
640 3762 846 3824 Ναύπακτον
886 3763 1003 3842 ἐρήμην
1041 3757 1252 3823 ἀπολιπεῖν.
1313 3754 1411 3818 Immo

290 3871 531 3950 καταλιπεῖν,
557 3892 627 3934 nem
651 3870 728 3934 illud
752 3870 900 3938 Graecum
923 3892 983 3933 non
1008 3878 1062 3934 est.

332 3982 404 4068 Cap.
429 3987 470 4050 83
495 3987 511 4068 ᾧ
536 3988 565 4049 1.
599 3990 634 4051 τὸ
663 3984 692 4051 d’
717 3990 751 4051 ἐκ
779 3995 834 4068 τῆς
860 3990 1028 4070 Κορίνθου
1056 4023 1093 4030 -
1123 3989 1277 4052 ναυτικὸν
1305 3989 1321 4050 ὕ
1347 3987 1410 4050 ἔδει

287 4100 533 4181 παραγενέσθαι
558 4107 602 4184 τῷ
627 4108 766 4185 Κνήμῳ,
791 4104 875 4176 ὅπως
898 4107 940 4183 μίγ
965 4103 1195 4186 ξιιμβοηῦῶσιν
1221 4103 1252 4164 οἱ
1274 4101 1337 4165 dno*
1355 4110 1413 4165 θα-

288 4212 402 4298 λάσσης
433 4219 503 4280 λίνω
537 4211 797 4297 [Ἀκαρνᾶνες],
835 4219 871 4282 οὐ
903 4217 1153 4300 παραγίγνεται.
1212 4213 1411 4297 Expungatur

286 4346 396 4389 nomen
420 4326 593 4412 proprium,
619 4327 699 4411 quod
723 4328 863 4412 arguitur
892 4350 1032 4412 perverso
1056 4326 1266 4391 vocabulorum
1293 4329 1412 4406 ordine,

286 4439 437 4523 siquidem
454 4449 531 4509 ,ἄνω
557 4441 724 4505 neeessario
748 4441 900 4526 pendete
931 4447 1172 4530 ξομβοηθῶσιν.
1222 4442 1342 4506 Omisso
1360 4466 1412 4507 no·

284 4553 366 4624 mine
397 4577 443 4620 res
474 4555 549 4620 satie
580 4555 738 4658 perspicua
763 4564 829 4621 erat
853 4563 976 4642 propter
998 4579 1033 4620 ee
1056 4578 1133 4640 quae
1156 4564 1262 4622 auctor
1289 4557 1412 4624 dixerat
