3190 5232
794 518 836 582 52

255 714 430 798 λαμβάνων
465 714 506 792 μὴ
538 711 601 772 α’πό
638 713 692 773 τοῦ
724 709 794 770 ἰ’σου
822 707 946 792 ξυμβῇ,
979 705 1051 771 dtt'
1073 715 1124 790 ἤν,
1152 715 1255 792 παρόν
1280 718 1373 777 τοῦτο

254 827 320 912 (pro
350 830 385 890 τό
422 824 500 889 αότό
536 843 603 884 oum
637 819 795 904 Poppone)
823 820 959 904 δρᾶσαι,
984 827 1063 906 πρός
1093 827 1128 888 τό
1154 829 1294 901 ἐπιεικές
1317 831 1372 890 καὶ

251 946 347 1029 α’ρετῇ
382 943 481 1006 αὐτὸν
510 940 590 1021 (oum
614 934 698 1000 libris
721 933 902 1019 quibusdam
925 956 979 1018 pro
1004 937 1094 1016 adrdl
1120 946 1268 1020 νικήσας,
1293 937 1372 1024 παρ’

251 1061 273 1122 ἃ
295 1056 503 1142 προσεδέχετο
525 1055 659 1136 μετρίως
683 1051 869 1136 ἀπαλλαγῇ.
903 1049 941 1114 In
963 1050 1010 1114 his
1026 1053 1226 1137 ἀμυνόμενος
1245 1051 1372 1118 debetur

251 1167 404 1255 Kriigero.
429 1207 470 1216 -
495 1166 569 1231 Mox
593 1164 727 1250 praefero
748 1164 890 1229 Vaticani
915 1164 1074 1230 lectionem
1101 1171 1371 1254 όνταμόνασθαι,

252 1291 375 1370 propter
396 1282 572 1368 oppositum
596 1281 855 1358 ἀνταποδοῦναι,
880 1302 952 1364 prae
975 1280 1098 1366 vulgata
1112 1286 1369 1368 οἰνταμόνεσθαι.

294 1398 370 1483 Cap.
402 1400 443 1464 20
474 1398 490 1482 d
523 1400 541 1462 2
574 1396 724 1459 inseratur
756 1394 900 1459 articulus
935 1402 1005 1460 ante
1034 1401 1210 1483 ξυμφορᾶς.
1237 1395 1285 1461 Ιό.
1309 1401 1324 1482 §
1350 1400 1370 1463 3

250 1515 373 1594 ἔξεστιν
393 1517 468 1598 ὑμῖν
492 1512 642 1594 φίλους
665 1513 830 1594 γενέσθαι.
857 1511 939 1595 Lege
967 1514 1109 1596 φίλοις
1134 1519 1165 1576 et
1188 1533 1253 1595 oap.
1271 1519 1346 1578 extr.
1360 1540 1366 1577 :

250 1633 304 1693 καὶ
336 1631 369 1692 ἐν
395 1627 496 1712 τούτῳ
519 1631 559 1690 τὰ
584 1629 739 1692 ἐνόντα
764 1628 877 1706 ayant
902 1635 1047 1693 σκοπεῖτε
1076 1631 1135 1694 όσα
1160 1633 1245 1702 εἰκός
1277 1627 1369 1712 (ἐν)-

250 1754 312 1811 εἳν
323 1771 343 1809 α
354 1762 383 1808 ι·
417 1749 506 1826 ἡμῶν
530 1747 590 1826 γὰρ
606 1778 651 1787 -
666 1744 707 1806 l'o
719 1737 752 1806 θ’
771 1744 788 1805 ό
802 1769 839 1806 τι
866 1748 930 1807 κτὲ.
955 1739 1056 1823 Vulgo
1079 1741 1266 1809 intolerabili
1283 1743 1368 1807 hiatu

249 1857 368 1921 editur:
391 1860 479 1923 ἰ’στε
502 1860 578 1923 ότι.

293 1969 366 2056 Gap.
391 1972 432 2036 21
457 1970 527 2036 init.
555 1973 665 2054 οἱμὲν
689 1964 745 2035 οὖν
770 1970 1025 2055 Λακεδαιμόνιοι
1055 1979 1239 2038 τοσαῦτα
1264 1971 1366 2042 εἷπον.

249 2085 320 2153 Adi.
342 2094 490 2172 τοσοῦτος
514 2085 683 2169 (τοσόσδε),
710 2082 789 2168 quod
813 2083 979 2148 rectissime
1002 2083 1094 2149 habet
1117 2084 1154 2150 de
1178 2085 1366 2152 brevioribus

249 2200 339 2265 dictis
370 2201 409 2284 (v.
447 2223 470 2265 c.
506 2198 540 2263 II
572 2202 613 2263 12
648 2199 837 2283 propolim,
862 2196 915 2262 ΙΙΙ
939 2199 980 2264 52
1006 2198 1116 2285 med),
1141 2201 1179 2264 ad
1203 2201 1368 2268 conciones

249 2317 351 2382 referri
385 2338 446 2380 nou
481 2319 603 2400 potest,
637 2312 673 2375 de
709 2311 818 2397 quibus
853 2321 1018 2398 usurpatur
1045 2323 1188 2394 τοιοῦτος
1212 2314 1365 2403 (τοιόσδε,

249 2427 324 2517 ὧδε)
353 2422 445 2506 οὗτος
480 2431 573 2514 (ὅδε),
600 2434 632 2491 ut
654 2427 807 2491 innumeri
831 2433 891 2491 tam
916 2428 1102 2513 Thucydidis
1125 2453 1214 2515 quam
1239 2431 1367 2496 aliorum

247 2546 427 2632 scriptorum
446 2544 504 2608 loci
523 2543 641 2608 docent.
666 2542 766 2623 Quare
789 2550 821 2607 et
844 2543 872 2609 h.
885 2543 905 2608 l.
930 2550 960 2606 et
983 2543 1164 2628 quibusdam
1187 2545 1272 2624 aliia,
1297 2569 1366 2612 πο.

247 2661 294 2724 IV
318 2663 379 2740 88,
402 2659 609 2745 reponendum
640 2661 820 2726 τοιαῦτα
853 2657 954 2728 εἷπον.
991 2657 1028 2722 Iu
1057 2665 1188 2745 utroque
1220 2660 1366 2726 vocabulo

247 2782 390 2862 perpetua
421 2781 467 2838 est
498 2775 529 2838 in
557 2773 643 2837 libris
667 2773 823 2852 confusio,
850 2773 893 2837 ita
917 2779 1020 2838 tamen
1044 2781 1079 2839 ut
1102 2774 1192 2860 louge
1215 2775 1367 2862 plerisque

248 2889 324 2954 locis
347 2891 471 2972 legatur
493 2887 575 2973 quod
598 2910 701 2951 verum
725 2893 780 2953 est.
804 2888 824 2955 †
847 2887 895 2952 Ib.
920 2886 998 2952 med.
1024 2912 1086 2973 cap.
1110 2889 1200 2954 verba
1221 2894 1302 2977 ἀνὴρ
1323 2928 1367 2939 -

247 3012 482 3080 πιθανώτατος
506 3002 554 3086 (el.
578 3002 632 3067 ΙΠ
654 3005 695 3068 36
722 3005 814 3086 extr.)
840 3003 988 3067 scholium
1012 3026 1075 3067 esse
1102 3004 1278 3089 suspicor.†

292 3117 367 3204 Cap.
392 3122 434 3184 22
459 3121 523 3202 §L
548 3125 579 3187 οἱ
603 3122 636 3187 όέ
661 3126 740 3207 πρός
762 3126 822 3207 μὲν
844 3128 903 3204 τὴν
927 3124 1097 3205 ἀπόκρισιν
1122 3122 1217 3189 οὐδὲν
1233 3125 1367 3189 οέντεῒ-

245 3262 341 3310 πον,
367 3237 541 3322 ξυνέδρους
566 3239 600 3302 δὲ
623 3240 730 3319 σφίσιν
758 3236 936 3320 [ἐκέλευον]
962 3236 1107 3302 ἑλέσθαι.
1142 3232 1277 3299 Verbum
1301 3236 1366 3300 ἐκέ-

244 3350 354 3427 λευον,
387 3341 469 3432 quod
488 3348 573 3413 abest
604 3349 746 3414 aeodiee
771 3348 868 3428 Italo,
891 3355 970 3413 recte
994 3348 1138 3413 omissum
1162 3347 1292 3413 videtur.
1339 3347 1365 3410 Ε

243 3484 417 3549 praegresso
439 3467 596 3532 ἀντεῖπον
622 3463 777 3528 commode
799 3462 930 3549 intelligi
954 3485 1040 3548 posse
1063 3461 1165 3542 εἶπον,
1196 3461 1276 3527 unde
1300 3483 1364 3526 sus-

243 3600 371 3665 pensum
396 3577 436 3641 sit
460 3576 635 3643 Infinitivus
659 3581 806 3660 ἑλέσθαι,
831 3579 983 3644 neminem
999 3577 1051 3663 qui
1067 3577 1277 3662 Thucydidem
1294 3577 1365 3646 dili-

243 3699 351 3778 genter
374 3693 550 3779 cognoverit
571 3692 658 3758 facile
681 3691 799 3758 latebit.
841 3692 922 3756 Usus
945 3698 1047 3757 autem
1070 3691 1153 3756 verbi
1178 3693 1284 3775 λέγειν
1308 3713 1361 3777 pro
1387 3690 1396 3696 “

244 3810 384 3878 κελεύειν
416 3809 443 3872 ei
475 3815 521 3872 est
554 3807 717 3874 admodum
739 3807 905 3872 familiaris.
952 3806 1098 3872 Similiter
1119 3807 1152 3871 iu
1176 3807 1275 3872 medio
1299 3807 1360 3870 lere
1396 3877 1401 3888 ⁸

242 3923 341 4009 capite
376 3923 481 3989 abesse
516 3923 617 3988 malim
650 3924 773 3989 verbum
802 3925 991 4013 βούλονται,
1016 3923 1087 4008 quia
1111 3930 1181 4008 post
1205 3926 1261 3991 οὐκ
1287 3926 1360 3992 ἐθέ·

1298 4015 1311 4046 0

243 4038 354 4106 λουσιν
379 4037 433 4101 tali
458 4038 666 4122 supplemento
695 4062 769 4126 opus
792 4062 854 4104 non
876 4046 931 4104 cst.

285 4149 358 4235 Cap.
393 4154 435 4216 23
467 4153 537 4234 §L
573 4154 716 4241 [αἱπερὶ
740 4155 882 4240 Hellen}
918 4153 1059 4218 Genuina
1083 4174 1148 4217 esse
1173 4153 1247 4218 haec
1270 4151 1359 4218 verba
1431 4205 1435 4212 .

164 4332 167 4340 ¹
240 4285 338 4348 neque
362 4266 408 4328 aio
432 4287 488 4330 nec
509 4289 597 4353 nego.

285 4379 355 4466 Cap.
390 4385 432 4446 24
457 4384 470 4465 l
495 4385 524 4447 1.
553 4389 586 4451 ἐν
611 4392 713 4470 τούτῳ
734 4386 767 4450 δὲ
792 4389 823 4451 οἱ
844 4383 893 4467 [ἐν
916 4394 955 4470 τῇ
974 4382 1128 4468 Σικελίᾳ]
1148 4389 1357 4471 Συρακόσιοι.

241 4493 337 4574 Quasi
361 4495 435 4560 aliae
460 4497 522 4560 siut
545 4497 706 4584 Syracusae
731 4521 820 4584 quam
845 4497 977 4562 Siculae!
1006 4497 1064 4561 Th.
1091 4511 1171 4562 certe
1188 4496 1357 4583 scripsisset

242 4615 265 4688 ἐ.
291 4640 321 4682 r·
350 4621 394 4680 Σ.
422 4617 459 4679 οἱ
485 4619 692 4701 Συρακόσιοι.
730 4612 768 4677 In
789 4612 856 4677 cod.
879 4612 959 4678 Italo
983 4619 1029 4677 cst
1049 4618 1084 4682 ἐν
1102 4611 1355 4701 ΣικελίᾳΛΡοεό
