3190 5232
738 489 778 550 77

200 677 388 763 probabilius
422 683 588 742 statuemus
620 675 753 740 voculam
786 684 904 742 ΤΟΤΕ
935 682 1041 740 natum
1075 699 1138 740 esse
1167 677 1318 762 dittogra-

200 793 273 879 phia
296 815 312 856 e
336 791 485 876 prioribus
512 791 609 856 literis
632 789 771 856 vocabuli
794 798 980 858 HOIEIN.
1008 792 1028 858 λ
1291 769 1296 782 ⁸

242 905 355 990 tCap.
381 908 423 972 64
447 906 464 989 ᾧ
485 907 514 970 1.
545 905 750 990 Expungetur
771 907 885 985 Τέχεα.
914 943 954 953 -
979 903 1051 988 (lap.
1078 910 1172 970 extu:
1203 910 1257 971 καὶ
1280 909 1316 972 οὐ

131 1087 134 1094 ,
203 1025 319 1114 ῥᾴδιον
340 1021 386 1106 ἦν
411 1028 452 1105 μη
473 1027 606 1106 ἁθρόοις
623 1028 677 1087 καὶ
696 1021 855 1102 ἀλλήλους
872 1023 1072 1106 περιμείνασι
1095 1022 1241 1088 διελθεῖν
1258 1026 1317 1102 την

200 1139 359 1222 πολεμίαν
393 1173 434 1182 -
462 1127 673 1222 ξυνέαληε
708 1143 768 1219 γὰρ
800 1137 855 1201 διὰ
878 1137 975 1218 μέσου
1001 1172 1039 1182 -
1064 1139 1146 1220 ὅμως
1170 1135 1203 1200 δι’
1229 1138 1319 1218 ηπεί·

196 1279 309 1350 χοντο.
343 1287 386 1298 -
417 1248 454 1313 In
481 1251 749 1321 armannum
779 1249 871 1314 latere
910 1249 1044 1334 suspicor
1076 1252 1317 1320 EYNGXHC:

199 1369 335 1454 ξυνεχὴς
360 1371 420 1448 γάρ
446 1365 498 1446 (sc.
544 1363 582 1448 ἦν
608 1365 759 1450 πολεμία)
777 1367 832 1431 διὰ
847 1367 955 1450 μέσου,
978 1365 998 1429 i.
1015 1387 1041 1431 e.
1058 1363 1215 1431 continua
1231 1363 1319 1430 euim

201 1486 293 1548 terra
316 1479 443 1546 tractitia
467 1478 611 1566 (Arpotc'r
637 1485 668 1544 et
692 1476 854 1562 Arcadio)
879 1499 931 1545 eos
954 1477 1141 1565 soporabat.
1167 1487 1186 1554 †

243 1593 318 1678 Cap.
343 1595 455 1678 65b2
481 1595 588 1680 δηλῶν
618 1595 954 1681 -βουλομένην
979 1594 1075 1661 εἶναι.
1103 1592 1209 1656 Minus
1238 1592 1321 1677 apud

200 1730 248 1771 me
284 1709 361 1772 valet
391 1707 547 1772 Ammonii
574 1706 746 1772 observatio
772 1706 809 1770 de
833 1705 1002 1772 differentia
1027 1708 1110 1773 inter
1133 1707 1222 1772 verba
1244 1713 1319 1797 βου·

203 1823 318 1890 λεσάαι
346 1829 377 1886 et
400 1824 528 1890 ἐθέλειν
552 1859 596 1869 -
626 1843 696 1886 nam
730 1843 791 1886 non
825 1822 925 1886 minus
948 1829 1027 1886 recte
1061 1833 1081 1908 η’
1116 1827 1319 1912 ἀναχώρησις

204 1935 315 2000 dicitur
330 1937 508 2024 βούλεσθαι
521 1957 609 2019 quam
623 1934 652 2025 V
665 1935 706 2002 85
722 1945 743 2021 ἡ
765 1940 873 2020 οἰμωγὴ
896 1947 1070 2020 φρονεῖν
1089 1972 1132 1984 -
1155 1957 1245 2019 quam
1270 1957 1320 1999 co·

204 2050 312 2134 gitatin
334 2050 496 2115 lectionem
514 2048 678 2114 'Plutarchi
697 2051 894 2136 βουλόμενον
916 2049 1070 2115 faciliora
1092 2049 1242 2127 librariis,
1259 2071 1321 2113 non

203 2165 445 2250 intelligentibus
479 2186 539 2249 quo
568 2163 758 2228 referendum
793 2172 893 2243 esset,
921 2164 954 2227 in
981 2166 1183 2252 βουλομένην
1209 2163 1321 2228 mutari

203 2281 356 2365 potuisse,
392 2302 480 2364 quarn
515 2280 633 2344 ratione
660 2279 780 2342 inversa
811 2279 1013 2367 βουλομένην
1046 2278 1078 2342 in
1110 2281 1319 2366 βουλόμενον.

206 2394 326 2474 Quare,
365 2401 471 2479 utpote
498 2393 713 2470 difficiliorem,
747 2392 902 2456 Plutarchi
929 2392 1090 2456 lectionem
1114 2393 1319 2476 praetulerim.

248 2508 333 2586 †Ib.
350 2511 367 2594 b
387 2512 408 2572 4
428 2508 588 2573 deleverim
605 2507 707 2572 verba:
732 2514 805 2586 τούς
822 2513 997 2594 Ἀργείους
1020 2516 1075 2577 καὶ
1102 2513 1174 2585 τούς
1198 2513 1320 2595 ξυμμά-

206 2651 294 2712 χους,
319 2621 398 2706 quod
422 2621 663 2686 additamentum
686 2645 724 2687 ne
747 2621 856 2686 idoneo
869 2622 991 2706 quidem
1007 2623 1073 2686 loco
1092 2622 1212 2686 illatum
1233 2623 1320 2692 est.†

206 2738 322 2802 Similia
349 2737 381 2801 in
409 2737 531 2801 scholiis
551 2736 643 2800 editis
673 2737 819 2822 leguntur
840 2736 1007 2822 permulta,
1032 2737 1116 2801 velut
1140 2739 1250 2820 moxi
1278 2740 1319 2802 6:

205 2853 460 2942 ἀναχωροῦντες]
495 2856 526 2920 οἱ
561 2853 828 2936 Λακεδαιμόνιοι.
873 2850 920 2916 Ib.
954 2851 971 2932 b
1003 2851 1022 2916 5
1057 2854 1113 2918 οὐκ
1151 2850 1237 2939 εἶχον
1266 2858 1317 2920 ὅτι

207 2975 443 3035 εἰκάσωσιν.
500 2965 605 3029 Malim
641 2974 872 3034 alacastona.
933 2964 1007 3029 Mox
1041 2965 1074 3029 in
1109 2965 1208 3030 verbis
1247 2972 1320 3044 τους

206 3091 331 3150 ἑαυτῶν
362 3087 557 3168 στρατηγούς
582 3077 679 3161 αὖθις
705 3089 738 3151 ἐν
764 3086 855 3170 αἰτία
878 3081 964 3168 εἶχον
989 3089 1024 3147 τό
1051 3110 1083 3148 τε
1108 3089 1261 3169 πρότερον
1279 3119 1320 3128 -

207 3198 487 3280 ’Λακεδαιμονίους
515 3201 730 3280 ἀφεθῆναι
768 3203 834 3264 κτὲ.
870 3194 996 3258 forsitan
1031 3195 1141 3259 melius
1171 3195 1322 3278 legeretur
1395 3215 1400 3226 ·

207 3315 397 3398 ἀφεῖναι-

252 3423 325 3509 Cap.
350 3427 391 3490 66
416 3427 430 3506 l
455 3426 636 3508 λμάλιστα
661 3425 698 3508 δὴ
723 3427 980 3505 Λακεδαιμόνιοι
1006 3427 1070 3500 ἐςὸ
1095 3425 1271 3508 ἐμέμνηντο
1289 3425 1323 3489 ἐν

209 3548 311 3626 τούτῳ
339 3549 383 3626 τῷ
406 3549 506 3626 καιρῷ
531 3540 763 3625 ἐξεπλάγησαν·
781 3540 835 3605 διὰ
855 3543 1008 3626 βραχείας
1025 3545 1094 3622 γάρ
1110 3537 1323 3621 μελλησευιςη

209 3661 395 3738 παρασκευὴ
419 3655 529 3728 αὐτοῖς
559 3657 704 3733 ἐγίγνετο
729 3659 794 3718 ιιτὲ.
818 3650 918 3715 Nihili
945 3648 1095 3735 estquod
1119 3648 1237 3734 Kampe
1253 3670 1324 3712 oon·

207 3766 278 3833 iecit
311 3771 511 3853 ἐξεφάνησαν
540 3788 595 3851 pro
621 3768 857 3854 ἐξεπλάγησαν,
882 3788 938 3830 nec
961 3764 1196 3850 confugiendum
1218 3769 1265 3828 est
1288 3763 1325 3826 ad

207 3881 338 3966 Kriigeri
371 3880 572 3966 suspicionem
603 3880 796 3944 intercidisse
831 3881 977 3964 quaedam
1010 3887 1081 3964 post
1115 3880 1147 3944 id
1181 3878 1324 3957 verbum,

209 3997 297 4062 modo
321 4019 437 4062 mecum
461 4019 515 4081 pro
533 4005 594 4083 γὰρ
617 3995 763 4061 rescribas
787 4000 822 4064 δέ
842 3999 928 4079 (cum
949 4018 1009 4080 qua
1025 3995 1131 4059 vocula
1150 4016 1238 4080 saepe
1255 4015 1325 4058 con-

208 4111 308 4177 fusum
340 4115 400 4196 est)
431 4112 551 4197 virgula
574 4111 671 4196 posita
695 4117 764 4196 post
788 4117 933 4193 ἐγίγνετο
958 4132 1013 4194 pro
1034 4110 1243 4196 hypostigme3
1266 4130 1326 4192 quo

165 4313 170 4317 1
209 4225 291 4289 facto
311 4224 413 4289 omnia
437 4225 526 4310 plana
550 4231 632 4290 sunt.
656 4225 769 4290 Verto:
794 4244 968 4314 uunquam
988 4231 1063 4312 post
1080 4209 1249 4290 bominum
1264 4242 1326 4288 me·

208 4340 347 4406 moriam
371 4339 496 4405 maiore
528 4347 652 4406 terrore
672 4339 820 4427 percutsi
850 4346 926 4406 suot
951 4337 1203 4406 Lacedaemonii
1226 4357 1327 4425 ηυουι

209 4452 272 4519 itta
295 4453 555 4540 opportunitate,
585 4454 641 4520 aed
658 4460 732 4540 poet
758 4454 886 4520 breuem
909 4474 1038 4520 morum
1062 4442 1133 4519 cett,

254 4566 326 4653 (lap.
362 4571 403 4634 67
438 4571 454 4654 b
486 4573 504 4634 2
534 4577 613 4653 μετὰ
649 4571 682 4635 δὲ
716 4579 848 4648 τούτους
884 4571 1069 4637 Μαινάλιοι
1098 4576 1166 4636 καὶ
1199 4572 1251 4634 ἐπὶ
1280 4575 1324 4656 τῷ
