3166 5230
751 441 816 506 156

261 636 296 700 P.
324 637 383 709 91,
407 636 439 700 4.
471 630 615 696 Correcto
638 637 778 709 accentu,
804 631 1179 715 1ο3οοίπόκλῃσις.-
1204 629 1347 694 Ceterum

216 749 323 814 neseio
353 771 390 813 an
422 746 616 812 scribendum
649 747 707 809 sit:
740 750 958 833 paercipitur
987 749 1021 812 δὲ
1050 746 1214 830 [ἄμεινον]
1241 747 1346 814 ἐδόκει

221 862 336 947 [εἶναι]
362 855 382 948 ᾖ
407 869 524 930 ἐκεῖνοι
550 859 684 944 ἔμελλον
707 862 801 937 ἄξειν
825 865 861 926 τὸ
886 869 1008 946 τεῖχος,
1035 867 1089 925 καί
1117 867 1144 926 εἰ
1167 870 1344 942 φθάσειαν,

217 977 451 1060 (Athenienses,
479 985 514 1038 ut
538 975 614 1040 bene
636 974 784 1058 intelligit
807 973 926 1057 Poppo)
950 975 1127 1059 ἅπόκλῃσις
1143 976 1198 1057 (so.
1221 974 1345 1059 ἔμελλε)

218 1096 411 1172 γίγνεσθαι,
449 1095 503 1156 καί
534 1093 602 1172 ἅμα
635 1123 678 1136 -
708 1090 802 1173 μέρος
832 1088 1092 1169 α’ντεπιπέμπειν
1125 1087 1205 1169 (Kr.)
1235 1090 1347 1166 αὐτοῖς

217 1202 303 1286 (Bk.)
328 1211 395 1270 κτέ.
442 1200 524 1264 Nam
547 1201 708 1264 cohaerent
731 1198 825 1264 verba
848 1201 951 1266 ἐδόκει
975 1204 1193 1288 ὑποτειχίζειν
1218 1239 1262 1249 -
1288 1209 1343 1269 καί

216 1322 285 1401 ἅμα
296 1353 340 1364 -
352 1319 621 1398 ἅντεπιπέμπειν.
669 1312 924 1376 Additamentum
945 1333 1015 1376 vero
1038 1322 1173 1398 uipereor
1199 1351 1237 1364 --
1259 1315 1346 1384 εἶναι

125 1412 128 1417 ’
215 1433 363 1496 incertam
387 1439 418 1494 et
440 1429 615 1512 ambiguam
638 1428 740 1492 reddit
763 1427 922 1492 verborum
948 1428 1142 1511 sequentinm
1166 1429 1346 1516 interpreta-

216 1547 343 1611 tionem.
389 1544 437 1609 Ib.
466 1543 504 1608 ad
537 1546 601 1611 103
630 1545 646 1626 9
676 1548 704 1608 l.
752 1541 830 1607 Vide
858 1563 933 1628 quae
957 1544 1035 1606 infra
1058 1543 1173 1608 monui.
1226 1544 1271 1628 (P.
1302 1547 1344 1610 97

217 1661 255 1726 ad
280 1661 323 1728 30
345 1663 362 1745 b
387 1663 430 1746 1.)

260 1775 334 1860 (lap.
370 1777 433 1841 102
464 1777 481 1856 b
513 1777 542 1838 2.
588 1772 717 1858 Propter
748 1774 900 1857 ingratam
929 1771 1147 1836 abundantiam
1181 1773 1213 1836 in
1247 1770 1346 1836 verbis

217 1897 332 1977 ἐρημίᾳ
355 1893 486 1974 ἀνδρῶν
514 1888 616 1951 malim
642 1888 721 1951 fere:
746 1899 826 1955 τὼν
851 1889 982 1973 ἀνδρῶν
1007 1925 1052 1936 -
1076 1891 1320 1971 περιγενέσθαι.

261 2003 295 2068 Ρ.
318 2006 358 2068 91
383 2000 420 2066 ad
446 2003 487 2067 96
512 2009 588 2066 extr.
636 1999 683 2066 Ol.
709 2011 810 2064 tamen
836 2000 904 2065 VII
929 2004 969 2065 17
993 2009 1066 2065 extr.
1114 2001 1172 2064 Sed
1196 2005 1346 2088 rescripto

214 2114 1345 2199 ὃπως-ἄποπειρὰσουσι-καίῆσσον-νωλπίοιεν,ο11111

215 2230 316 2294 estin
341 2251 375 2294 ea
399 2229 614 2294 coniunctione
639 2227 750 2293 vitiosi.

261 2343 335 2428 cap.
362 2344 426 2410 103
449 2344 465 2425 b
491 2346 521 2408 l.
557 2348 612 2409 καί
640 2346 815 2426 redoptanda
839 2352 998 2430 Λαμάχου
1027 2351 1092 2410 καί
1126 2349 1246 2413 αὐτὸν
1275 2352 1344 2414 ἐκο·

214 2465 364 2543 μίσαντο.
411 2457 501 2522 Dclet
525 2457 615 2520 verba
639 2459 816 2525 auleticon
842 2456 978 2541 Krliger‚
1002 2479 1064 2521 non
1089 2445 1175 2523 male.
1201 2457 1343 2524 Fortasse

214 2580 317 2636 tamen
341 2563 505 2655 depravata
529 2577 610 2636 sunt.
635 2569 740 2633 Possis
756 2570 839 2634 enim
862 2570 924 2634 leni
950 2571 1119 2636 mutatione
1144 2578 1207 2640 καὶ
1228 2575 1341 2641 αὐτοὶ

214 2693 424 2771 ἐκομίσαντο,
449 2693 517 2765 aut,
541 2685 639 2750 deleta
663 2685 787 2769 copula,
810 2690 1086 2768 ἀπεκομίσαντο.

258 2800 294 2866 Ρ.
320 2803 363 2867 93
386 2802 424 2866 ad
448 2802 515 2865 VlI
535 2804 556 2865 4
576 2803 593 2884 ᾧ
615 2804 643 2865 1.
693 2799 772 2863 Vide
795 2797 970 2882 Kriigerum
994 2805 1025 2861 et
1048 2797 1086 2862 cf.
1103 2799 1251 2882 imprimis
1276 2823 1342 2887 cap.

214 2919 233 2980 7
254 2917 272 3000 ᾧ
293 2921 328 2981 1;
354 2921 577 3004 ξυνετείχισαν
603 2923 638 2983 τὸ
660 2917 775 2983 λοιπὸν
800 2925 867 2990 τοῖς
896 2918 1114 3001 Συρακοσίοις
1136 2916 1249 3002 μέχρι
1278 2928 1343 2984 τοῦ

215 3035 422 3120 ἐγκαρσίου
446 3035 583 3117 τείχους.
607 3027 660 3092 ubi
684 3034 862 3111 corruptum
886 3033 934 3090 est
956 3031 1065 3112 μέχρι,
1089 3048 1106 3089 a
1129 3047 1188 3109 quo
1212 3027 1343 3094 nimium

214 3143 317 3207 differt
340 3149 414 3221 ἔτι,
439 3143 519 3226 quod
543 3142 700 3227 proposuit
724 3141 840 3228 Puppe.
889 3139 1020 3206 Leniore
1043 3163 1134 3206 mauu
1158 3142 1343 3208 rescribatur

211 3261 356 3342 μέρος,
382 3257 444 3320 sive
461 3256 538 3320 illud
556 3279 573 3320 a
588 3255 765 3342 Thucydide
781 3256 843 3319 eive
859 3255 956 3320 aliena
972 3277 1065 3318 manu
1081 3256 1266 3340 adscriptum
1283 3267 1342 3324 est.

192 3384 195 3390 ’
259 3371 306 3434 Ad
338 3373 508 3456 oap.13§
534 3374 563 3436 3.
610 3370 689 3436 Cum
708 3372 905 3455 αὐτομολίας
924 3379 1123 3455 componatur
1144 3373 1342 3456 αὐτομολοῦ-

213 3509 273 3554 σαν
299 3490 352 3551 Ar.
380 3486 451 3570 Lys.
475 3489 539 3551 723
561 3486 759 3570 depravatum
783 3485 814 3548 in
835 3485 904 3548 loco
930 3485 1033 3550 simili.
1057 3485 1116 3548 Sed
1140 3506 1238 3569 neque
1259 3487 1339 3570 quod

211 3599 276 3684 ipse
301 3601 432 3677 conieci,
457 3623 555 3686 neque
572 3622 649 3685 quae
666 3601 734 3679 alii,
752 3599 844 3664 ullam
861 3597 974 3663 babent
998 3599 1254 3683 probabilitatem.
1282 3598 1340 3664 Po·

212 3714 275 3778 tius
298 3737 381 3779 nune
405 3715 584 3780 crediderim
608 3718 805 3801 αὐτομολίας
830 3737 938 3780 sanum
961 3735 1044 3790 esse,
1067 3713 1158 3777 modo
1181 3721 1341 3799 reponente

213 3828 405 3912 intelligatur
426 3851 486 3894 non
508 3838 722 3918 praetentat,
739 3830 811 3908 sed,
826 3836 862 3893 ut
884 3829 1003 3913 saepius
1026 3828 1108 3914 apud
1130 3828 1340 3914 Thucydidem

212 3950 304 4026 atque
328 3943 418 4025 alico,
443 3965 524 4012 vero
548 3965 658 4012 causo.
706 3945 898 4029 Interpretor
921 3943 1034 4028 igitur:
1059 3943 1171 4010 oblato
1197 3943 1342 4029 troueso·

211 4057 325 4143 piendi
352 4059 396 4126 ud
417 4058 521 4126 becles
545 4061 725 4138 occasione,
743 4058 856 4143 quibus
873 4058 1027 4144 aptissime
1039 4065 1243 4142 opponuntur
1258 4054 1359 4141 sqq.:'

212 4177 244 4238 οἱ
266 4173 295 4238 δ’
320 4179 363 4250 ὥς
388 4176 518 4240 ἕκαστοι
544 4178 716 4244 δύνανται.

256 4283 330 4370 Cap.
355 4287 397 4352 28
420 4289 437 4370 b
460 4290 492 4351 4.
517 4295 576 4370 τὴν
605 4296 750 4373 εἰκοστὴν
772 4327 814 4336 -
839 4293 914 4356 οίντί
939 4300 994 4355 τοῦ
1018 4296 1117 4373 φόρον
1143 4299 1224 4364 τοῖς
1246 4293 1340 4374 ὑπη-

209 4407 319 4478 κόοις
356 4405 553 4486 ἐποίησαν.
603 4403 682 4467 Mira
717 4403 844 4468 locutio.
891 4403 1128 4488 Expectaveram
1165 4405 1339 4472 lottecar.

160 4494 168 4508 ⁸
208 4515 311 4582 Facile
340 4539 411 4582 sane
434 4523 699 4588 ΕΠΕΘΕΣΑΝ
724 4519 756 4582 in
784 4523 1022 4587 ΕΠΟΕΣΑΝ
1042 4511 1133 4582 'abire
1157 4515 1271 4603 potuit.
1297 4555 1341 4564 —

425 4707 432 4746 1
