3190 5232
792 459 810 525 8

244 651 457 737 Ἐπιδάμνιοι
489 651 583 717 σι’·δίν
615 652 723 716 αὐτῶν
754 651 955 730 ὑπήκουσαν,
981 651 1034 712 καί
1064 644 1098 729 (i.
1124 666 1149 711 e.
1173 644 1291 725 etiam,
1320 668 1359 710 sc.

243 775 362 855 praeter
383 765 498 849 exules)
520 769 593 843 τούς
607 765 788 850 Ἰλλυρίους
809 763 1045 849 προσλαβόντες
1065 766 1360 847 προσκαθεζόμενοι
1396 802 1398 806 ·

243 894 401 972 προεῖπον
427 881 649 962 Ἐπιδαμνίων
681 906 714 946 τε
751 884 806 944 τὸν
840 877 1036 963 βουλόμενον
1070 883 1123 943 καί
1151 882 1225 956 τούς
1248 879 1361 956 ξένους

221 1005 387 1074 ’ἀπαθεῖς
411 995 555 1062 ἀπιέναι·
578 999 605 1058 εἰ
623 994 656 1058 dr*
680 1001 735 1076 μή,
760 997 802 1068 ώς
826 993 991 1075 πολεμίοις
1016 1002 1202 1081 χρήσεσθαι;
1229 999 1263 1056 ut
1282 1001 1362 1056 reete

243 1135 259 1177 e
283 1110 370 1176 codd.
395 1106 577 1193 quibusdam
601 1105 776 1170 restitutum
799 1113 847 1168 est
870 1127 922 1190 pro
941 1117 1129 1195 χρήσασθαι.
1156 1106 1241 1186 Quae
1261 1114 1361 1170 autem

244 1225 335 1292 verba
359 1223 451 1306 vulgo
472 1222 617 1306 leguntur
635 1227 705 1305 post
724 1226 931 1304 ὑπήκουσαν·
956 1223 1040 1289 ἀλλά
1064 1229 1290 1308 στρατεύουσιν
1312 1227 1361 1290 ἐπ’

246 1344 362 1419 adrosis·
386 1343 417 1406 σί
440 1347 636 1423 Κερκυραῖοι
655 1345 894 1421 τεσσαράκοντα
913 1345 1006 1405 ναυσί
1026 1344 1106 1422 μετά
1127 1347 1191 1406 τῶν
1212 1340 1363 1421 φυγάδων

245 1461 288 1533 ὡς
313 1456 506 1532 κατάξοντες
530 1451 653 1516 uidetur
675 1450 833 1514 adnotatio
857 1451 1029 1534 marginalis
1054 1451 1191 1516 coniecta
1218 1475 1235 1516 a
1258 1451 1364 1515 sedulo

245 1570 357 1634 lectore
392 1567 502 1653 partim
525 1589 541 1630 o
561 1566 746 1652 praegressis
780 1565 889 1650 partim
926 1588 1031 1651 ecap.
1066 1569 1107 1632 29
1136 1568 1366 1653 δίιτεσσαρά·

248 1695 347 1752 κοντα
371 1689 431 1766 γάρ
456 1683 552 1767 (νῆες)
578 1681 782 1766 Ἐπίδαμνον
816 1681 1038 1766 ἐπολιόρκουν.
1088 1680 1161 1747 Cod.
1196 1681 1366 1746 Vaticanus

246 1804 326 1863 recte
350 1819 403 1882 pro
426 1801 457 1864 οἱ
479 1799 513 1865 δὲ
538 1795 661 1860 exhibet
684 1804 726 1872 ὡς
751 1798 785 1863 δὲ
811 1801 859 1870 οἱ,
883 1795 966 1880 qnod
989 1796 1100 1881 recepi.
1131 1795 1206 1860 Post
1228 1825 1367 1882 προσκα-

243 1917 415 1998 θιζόμινοι
438 1912 470 1975 in
495 1911 620 1997 optimis
643 1910 731 1975 codd.
757 1910 873 1974 soloece
895 1909 1043 1974 inseritur
1063 1913 1097 1979 δι’
1122 1918 1189 1996 τήν·
1205 1914 1301 1980 πόλιν
1326 1909 1367 1997 (in

244 2027 344 2112 Lugd.
371 2036 417 2092 est
441 2041 479 2114 τῇ
504 2028 625 2110 πόλει),
651 2024 732 2108 quod
757 2024 999 2088 additamentum
1028 2026 1169 2110 expunxi.
1217 2025 1264 2090 cf.
1292 2047 1367 2110 qnae

247 2143 285 2207 de
308 2141 375 2206 loco
398 2139 633 2226 impeditissimo
657 2144 880 2202 commentatus
904 2145 950 2202 ost
974 2137 1108 2224 Kn'iger.

291 2255 366 2341 Cap.
393 2257 434 2322 28
458 2257 475 2340 p
499 2255 529 2318 1.
576 2257 649 2332 rode
674 2259 708 2322 ἐν
734 2251 927 2341 Ἐπιδάμνῳ
952 2255 1123 2342 [φρουρούς
1144 2286 1176 2324 τε
1202 2262 1257 2323 καί
1282 2261 1367 2340 οιίιή-

249 2372 358 2458 τορας]
384 2374 535 2452 ἀπάγειν.
582 2365 682 2432 Verba
704 2367 819 2432 inclusa
843 2367 945 2434 abesse
969 2377 1117 2455 poterant.
1164 2369 1368 2454 Adscripsorit

257 2509 286 2549 ‚e
316 2485 383 2571 ipse
413 2483 508 2549 Thuc.
541 2503 577 2545 au
611 2480 797 2564 magistellos
820 2503 855 2544 ex
880 2504 942 2566 cap.
969 2486 1011 2549 26
1035 2485 1049 2566 §
1075 2485 1093 2548 1
1115 2489 1146 2546 et
1163 2483 1188 2578 d
1214 2485 1249 2560 2,
1274 2481 1367 2547 nolim

258 2600 385 2665 'finire
431 2598 479 2664 Os.
503 2619 564 2682 cap.
589 2602 666 2661 extr.
695 2605 734 2682 ήν
771 2603 826 2663 καί
863 2602 981 2665 ἐκεῖνοι
1014 2603 1087 2676 τούς
1121 2603 1155 2666 ἐν
1180 2599 1370 2682 Ἐπιδάμνῳ

253 2725 440 2796 ..ocyorem
465 2720 530 2780 κτὲ.
573 2710 651 2775 Vide
676 2710 749 2776 Lex.
772 2711 841 2794 Sag.
866 2711 900 2774 B.
923 2713 960 2776 A.
978 2735 1006 2797 p.
1030 2712 1112 2788 152,
1135 2712 1186 2777 15.
1220 2711 1372 2775 Dirimant

251 2831 322 2894 item
342 2828 393 2892 alii
410 2851 448 2891 an
465 2825 540 2910 quid
557 2827 653 2891 aliena
672 2848 778 2889 manns
797 2825 993 2910 adscripserit
1007 2827 1080 2912 ipsis
1102 2825 1314 2912 sequentibus:
1329 2864 1371 2873 -

249 2950 291 3023 ώς
324 2946 360 3011 οὐ
391 2947 488 3028 μετὸν
524 2943 634 3019 αὐτοῖς
659 2942 873 3025 Ἐπιδάμνου.
910 2949 937 3007 εί
974 2945 1008 3020 δι’
1034 2971 1065 3008 τι
1101 2946 1370 3019 ἀντιποιοῦνται,

251 3062 343 3135 δίκας
366 3059 487 3144 ήθελον
513 3057 626 3124 δοῦναι
651 3062 686 3124 ἐν
715 3057 956 3142 Πελοποννήσῳ
982 3063 1070 3142 παρὰ
1094 3058 1226 3123 πόλεσιν
1251 3055 1303 3131 αἷς
1327 3061 1370 3122 ἂν

249 3177 421 3259 ἀμφότεροι
456 3174 631 3257 ξυμβώσιν·
664 3171 826 3256 ὁποτέρων
863 3170 892 3236 δ’
916 3180 958 3237 άν
994 3173 1137 3258 δικασθῇ
1175 3168 1259 3238 εἶναι
1299 3171 1371 3254 [τήν

251 3282 424 3372 ἀποικίαν]
448 3291 581 3361 τούτους
605 3294 749 3372 κρατεῖν.
784 3284 834 3347 Ita
854 3283 1026 3349 subiectum
1047 3284 1130 3349 verbi
1151 3288 1292 3372 δικασθῇ
1316 3285 1374 3348 erit

252 3416 272 3492 ή
306 3402 519 3487 Ἐπίδαμνος.
557 3399 604 3466 Cf.
642 3421 705 3484 cap.
732 3400 773 3465 38
806 3407 882 3465 extr.
929 3402 1130 3486 Ἐπίδαμνον
1165 3404 1373 3487 ήμετίραν

252 3515 350 3588 οὖσαν
372 3523 437 3585 κτὲ.

297 3633 368 3720 Cap.
395 3633 480 3716 29δ
514 3633 544 3696 1.
590 3637 730 3718 ἄραντες
764 3633 988 3719 ἑβδομήκοντα
1024 3637 1119 3700 ναυσί
1155 3637 1209 3697 καί
1248 3633 1373 3697 πέντε

254 3749 494 3836 δισχιλίοις
527 3773 558 3811 τε
585 3746 747 3821 ὁπλίταις.
793 3741 866 3806 Non
892 3743 965 3808 mihi
1004 3745 1101 3829 primo
1137 3749 1295 3828 suspectus
1327 3752 1375 3807 est

253 3884 396 3928 numerus
428 3860 614 3948 δισχιλίοις,
648 3879 740 3941 quum
773 3880 837 3943 cap.
862 3861 903 3923 27
936 3866 1012 3923 extr.
1045 3859 1181 3942 legamus
1205 3859 1314 3926 αὐτῶν
1339 3859 1373 3924 δὲ

252 3981 440 4064 Κορινθίων
476 3974 508 4059 (i.
547 3995 573 4036 e.
605 3972 748 4038 solorum
783 3971 1026 4054 Corinthiorum,
1070 3997 1131 4038 nou
1167 3971 1375 4037 adnumeratis

251 4091 400 4155 sociorum
425 4087 552 4153 navibus
581 4093 613 4150 et
637 4085 774 4174 hoplitis)
801 4099 872 4172 νῆες
896 4093 1173 4175 παρεσκευάζοντο
1197 4097 1374 4174 τριάκοντα

253 4212 307 4273 καί
333 4204 570 4291 τρισχίλιοι
596 4203 743 4268 ὄπλῐται.
791 4203 890 4268 Maior
913 4204 1024 4289 igitur,
1057 4227 1115 4268 non
1142 4203 1255 4281 minor,
1285 4224 1375 4286 quarn

253 4327 300 4384 ter
324 4319 407 4382 mille
431 4317 590 4382 universus
613 4337 756 4380 numerus
778 4317 869 4383 fuerit
892 4341 1013 4384 necesse
1038 4325 1092 4384 est.
1118 4318 1189 4396 Sin,
1210 4316 1291 4401 quod
1306 4316 1375 4400 qui·

252 4433 320 4498 dam
347 4434 527 4519 interpretes
551 4430 626 4494 duce
649 4431 811 4496 scholiasta
835 4435 1043 4512 contendunt,
1074 4456 1180 4498 eorum
1199 4454 1272 4518 pars
1298 4430 1375 4494 alios

251 4552 283 4615 in
310 4571 382 4616 usus
407 4549 499 4614 fuerit
519 4545 670 4624 adhibita,
696 4546 827 4632 diligens
852 4549 979 4634 scriptor
1003 4548 1075 4628 hoc,
1101 4549 1226 4633 opinor,
1260 4545 1376 4630 signifi·
