3166 5230
808 425 870 492 108

325 609 398 694 Cap.
430 611 471 677 69
502 610 571 674 init.
608 615 716 698 ἐπειδὴ
743 612 773 680 δ’
801 622 821 698 ἡ
850 614 1002 699 ἐκκλησία
1033 614 1161 691 οὐδενὸς
1190 615 1400 693 ἀντειπόντος

283 727 394 812 [eree]
436 732 604 813 κυρώσασα
639 736 742 796 ταῦτα
784 729 929 814 διελύθη.
991 727 1063 791 Non
1104 726 1278 792 defenditur
1317 728 1400 795 ema

280 839 441 924 exemplis,
476 861 553 925 qnae
584 841 658 905 citat
687 840 808 928 Kriiger
830 843 862 906 in
886 842 940 908 Gr.
965 843 981 928 ὑ
1005 843 1066 921 56,
1091 844 1150 919 12,
1177 845 1208 907 2.
1255 840 1397 906 Ferrem:

281 955 410 1033 οὑὺενὺς
432 957 644 1031 ἀντειπόντος
656 954 727 1022 ἀλλ’
740 959 872 1037 ἁπλῶς
888 966 1069 1045 κυρὼσασα,
1083 964 1136 1022 unt
1152 955 1251 1022 simile
1262 957 1349 1042 quid.
1360 997 1400 1006 -

282 1070 298 1153 p
323 1071 352 1133 3.
377 1075 408 1136 ni
436 1075 633 1157 τετρακόσιοι
660 1109 700 1117 -
725 1073 902 1158 ἐπέστησαν
927 1083 993 1149 τοῖς
1017 1075 1082 1140 ἀπὸ
1107 1080 1162 1140 τοὺ
1185 1081 1309 1159 κυάμου
1326 1075 1401 1160 βου·

281 1184 427 1266 λεκτοῖς,
453 1180 542 1252 oriam
567 1191 601 1253 ἐν
624 1194 669 1271 τῷ
693 1187 927 1275 βουλευτηρίῳ,
954 1194 1007 1254 καί
1033 1185 1124 1256 εἷπον
1150 1189 1260 1263 αὐτοῖς
1278 1190 1398 1266 ἐξιέναι

282 1300 414 1388 λαβοῦσι
434 1305 491 1368 τὸν
507 1306 635 1386 μισθόν.
653 1303 766 1387 ἔφερον
793 1302 826 1366 ὑὲ
853 1304 900 1368 αὐ
912 1313 1001 1380 τοῖς
1017 1311 1072 1370 τοὺ
1088 1299 1269 1370 ὑπολοίπου
1288 1310 1402 1389 χρόνον

280 1421 404 1493 παντὸς
429 1417 551 1481 αὐτοὶ
576 1421 630 1482 καί
652 1418 790 1493 ἐξιοῦσιν
814 1416 1023 1483 ἐδίδοσαν.
1071 1414 1102 1478 Si
1126 1414 1200 1500 qnid
1224 1414 1330 1480 horum
1356 1415 1404 1480 in·

280 1530 394 1615 colligo,
411 1528 504 1594 Thuc.
522 1528 657 1614 scripsit:
676 1531 788 1617 ἔφερον
813 1529 847 1595 δὲ
873 1533 1002 1597 αὑτὸν
1025 1528 1094 1615 [scil
1116 1535 1172 1598 τόν
1190 1531 1400 1617 βουλευτικὸν

279 1648 412 1732 μισθὸν]
450 1656 505 1712 τοῦ
540 1644 721 1712 ὑπολοίπου
758 1653 874 1732 χρόνον
910 1649 1032 1722 παντὸς
1069 1649 1191 1714 αὐτοί
1230 1643 1265 1727 [i.
1289 1665 1316 1706 e.
1347 1642 1403 1728 ipsi

280 1760 407 1840 ODviri,
438 1760 549 1846 quippe
579 1759 633 1844 qni
663 1759 722 1823 iarn
750 1781 802 1844 per
832 1759 891 1823 rim
927 1757 998 1823 facti
1022 1765 1123 1823 essent
1152 1760 1319 1844 senatores]
1350 1764 1404 1826 καί

282 1879 419 1954 ἐξιοῦσιν
445 1877 608 1945 ἔδοσαν.
656 1872 747 1954 Quod
769 1881 869 1939 autem
893 1873 986 1958 vulgo
1003 1873 1262 1958 interpretantur:
1289 1873 1404 1940 attele-

282 1997 360 2056 νουι
385 1997 495 2056 nutem
515 1989 580 2078 ipsi
601 1989 780 2056 mercedem
804 1987 929 2079 reliqui
953 1989 1052 2055 totins
1076 1987 1299 2076 (mmmmm)
1328 1994 1405 2054 tem·

280 2103 371 2190 peris
397 2102 542 2192 ipsisque
567 2103 759 2173 emerentibus
783 2122 856 2168 eam
882 2102 1059 2181 dederunt,
1096 2125 1158 2167 non
1193 2124 1254 2167 uno
1283 2103 1406 2169 nomine

281 2217 351 2282 ferri
373 2217 481 2302 nequit
489 2244 498 2296 ;
522 2215 581 2280 alia
602 2238 640 2279 ne
663 2217 804 2301 tangam,
828 2223 946 2300 μισθὸν
975 2220 1083 2300 φέρειν
1112 2215 1224 2282 Graece
1240 2238 1405 2301 numquam

285 2339 332 2396 est
356 2332 478 2421 afferre
504 2331 701 2408 mercedem,
728 2329 780 2394 sed
808 2331 964 2394 constanti
987 2331 1121 2396 omnium
1148 2353 1204 2396 usu
1226 2331 1407 2400 mercedem

285 2446 445 2535 accipere,
470 2465 608 2522 merere,
633 2451 664 2508 et
690 2455 745 2514 τοῦ
764 2447 947 2512 ὑπολοίπου
968 2452 1083 2533 χρόνον
1103 2466 1164 2509 uon
1188 2444 1248 2509 nisi
1272 2444 1309 2508 de
1332 2451 1403 2509 tem-

285 2584 356 2649 pore
380 2561 520 2646 sequenti
544 2560 639 2645 accipi
663 2565 789 2645 potest·

327 2675 432 2762 iOap.
460 2679 498 2741 71
532 2676 549 2759 ὑ
575 2677 605 2740 l.
640 2681 721 2762 πρὸς
752 2678 836 2742 αὐτὰ
868 2682 908 2741 τὰ
936 2679 1024 2764 τείχη
1051 2681 1115 2744 τῶν
1142 2673 1405 2763 Ἀθηναίων.

282 2792 348 2856 Irno
373 2797 438 2858 τῶν
466 2789 513 2857 Ἀ
524 2799 678 2876 θηνιῐιν.
695 2790 769 2856 †--
793 2791 852 2874 §4
878 2796 963 2857 κατὰ
986 2796 1093 2878 χώραν
1113 2791 1162 2874 [ἓν
1179 2803 1217 2879 τῇ
1234 2791 1404 2876 Δεκελείᾳ]

282 2912 404 2992 ἔμενον.
451 2903 498 2969 Of.
523 2904 560 2968 ad
584 2903 630 2967 IV
656 2907 697 2968 14
722 2909 800 2967 extr.
1075 2977 1077 2981 ι

327 3020 399 3106 Gap.
425 3021 467 3085 73
498 3019 568 3103 ὑὺ.
602 3023 633 3087 οί
666 3027 748 3087 τῶν
784 3021 1154 3106 Σαμίωνπλείονες.
1200 3019 1301 3084 Etiam
1332 3018 1363 3084 h.
1384 3019 1405 3083 l.

282 3159 391 3201 nomen
420 3135 573 3221 proprium
601 3134 705 3199 abesae
729 3134 860 3199 mallem.

327 3251 400 3336 Cap.
427 3254 469 3315 74
495 3252 512 3335 p
537 3254 555 3315 2
581 3249 646 3314 dele
670 3258 751 3319 ναῦν
777 3248 853 3312 maie
877 3249 1037 3333 repetitum
1064 3255 1133 3335 post
1155 3254 1358 3338 στρατιῶτιν.

328 3365 401 3451 Cap.
414 3367 454 3433 75
463 3367 480 3450 ὑ
489 3372 562 3431 extr.
573 3369 777 3453 ἀποστροφὴν
790 3365 986 3452 [σωτηρίας].
1005 3364 1081 3429 Dele
1089 3364 1402 3448 interpretamentum,

327 3481 401 3566 Cap.
429 3483 469 3546 76
496 3481 513 3565 ὑ
538 3483 566 3544 3.
592 3481 688 3547 πόλιν
713 3507 745 3546 τε
771 3485 830 3566 γὰρ
858 3482 965 3563 σφίσιν
993 3484 1148 3566 ὑπάρχειν
1179 3479 1322 3564 [Σάμον]
1348 3480 1406 3545 οὑκ

283 3601 423 3679 α’σθενῆ,
449 3603 511 3662 κτὲ.
559 3592 681 3673 Quanto
704 3592 871 3676 elegantius
897 3592 1002 3657 Samus
1030 3592 1218 3678 intelligitur
1239 3614 1329 3677 quam
1354 3591 1408 3656 ad-

283 3708 425 3774 scribitur
434 3711 445 3774 i·
488 3708 525 3772 Iu
562 3706 673 3771 vicinia
709 3706 755 3770 vei
792 3706 830 3770 de
861 3707 1034 3772 coniectura
1067 3706 1273 3793 reponendum
1306 3706 1408 3770 fuerat

283 3830 501 3911 circumstetur,
542 3823 624 3909 quod
659 3845 712 3908 pro
749 3828 930 3909 ἀμύνεσθαι
962 3823 1084 3888 exhibet
1109 3819 1200 3887 codex
1229 3820 1407 3886 Vaticanus.

286 3940 390 4004 Suavis
414 3947 460 4004 est
479 3940 584 4024 Poppo
605 3939 770 4004 adnotans:
792 3940 989 4024 α’μιίνεσθαι]
1012 3937 1084 4003 Vat.
1108 3941 1320 4024 ἀμυνεῖσθαι,
1342 3954 1408 4002 non

282 4055 386 4120 multo
411 4055 556 4121 deterius
570 4054 606 4138 (ί)

326 4167 434 4252 †Oap.
460 4171 511 4233 77.
540 4166 675 4232 deiebam
701 4173 732 4234 ot
754 4168 832 4234 δέκα
860 4172 1053 4256 πρεσβευταί
1079 4167 1136 4232 Ea.
1153 4165 1231 4240 Orit.
1249 4189 1280 4252 p.
1298 4169 1408 4245 161.†

284 4282 438 4348 Vocabula
460 4281 522 4347 iam
545 4286 687 4364 suspecta
708 4278 860 4376 Kriigerc.

328 4397 435 4484 †Cap.
461 4399 502 4462 79
525 4400 542 4482 p
564 4397 592 4461 3.
619 4405 824 4482 προῄσθοντο
852 4401 912 4481 γὰρ
935 4396 1090 4474 αὑτοὺς
1117 4401 1150 4463 ἐκ
1174 4407 1229 4480 τῆς
1253 4397 1408 4480 Μιλήτου

286 4520 585 4605 ναυμαχησείοντας
613 4510 833 4576 emendandum
863 4513 909 4594 δὴ
939 4507 1074 4587 satiet
