3166 5230
743 489 806 561 147

90 771 93 785 .
213 685 353 772 prohibet
378 685 463 752 locus
482 686 696 772 Aristophanis
716 685 780 752 aine
798 683 1003 752 controversia
1021 685 1154 752 sineerus
1170 687 1201 751 in
1218 685 1334 778 Avibus

213 823 272 866 vss.
294 804 358 869 366
383 824 465 888 sqq.:
489 805 558 870 εἶπέ
583 831 636 889 μοι
659 809 691 868 τί
717 799 892 887 μέλλετ’,
913 801 938 870 ὦ
963 811 1096 871 πάντων
1116 812 1253 871 κάκιστα
1274 813 1335 892 θη·

214 921 307 1004 ρι’ων,
332 919 544 987 οἰπολέσαι
567 924 733 994 παθόντες
761 918 856 985 οὐδὲν
884 918 983 1003 ἄνδρε
1016 923 1071 984 καὶ
1099 919 1334 986 διασπάσαι

214 1042 269 1117 τῆς
292 1038 366 1118 ἐμῆς
387 1039 543 1116 γυναικὸς
564 1039 637 1102 ὄντε
661 1036 801 1116 ξυγγενῆ
826 1039 880 1100 καὶ
904 1032 1049 1115 poliam

258 1143 330 1230 Gap.
356 1147 408 1212 93.
456 1151 498 1214 ἐν
520 1148 698 1231 δυναμει
721 1151 812 1224 ὄντες
835 1152 902 1214 τῶν
927 1182 967 1192 -
995 1151 1131 1235 χωρίων.
1162 1144 1333 1227 '‘Leontio''

215 1258 258 1323 ait
276 1257 331 1324 Kr.
359 1260 436 1343 p(sio
459 1283 527 1325 oum
543 1259 705 1342 Genetivo)
730 1258 852 1323 aliunde
875 1259 951 1324 mihi
965 1259 1155 1346 incognita.”
1187 1259 1336 1327 Videatur

216 1375 305 1440 Plato
325 1376 366 1440 in‘
379 1375 455 1460 Rep.
478 1376 497 1441 I
521 1376 586 1442 328
607 1398 633 1441 ο.
680 1372 781 1454 Quare
805 1395 888 1438 nunc
915 1375 1043 1460 repudio
1066 1352 1147 1461 quod
1172 1375 1336 1461 aliquando

215 1489 368 1577 placebat:
400 1497 626 1578 ἐγκρατεῖς
645 1495 754 1568 ὄντες.
785 1496 819 1554 ut
844 1489 970 1574 vulgata
998 1490 1091 1556 leutio
1114 1497 1186 1556 nate
1213 1498 1292 1556 esset
1319 1513 1335 1555 e

216 1604 407 1690 glossemate.

260 1717 541 1804 ragusanae.
589 1716 746 1784 Emblama
778 1739 816 1782 eo
838 1718 1047 1797 manifestius,
1078 1720 1161 1804 quod
1187 1719 1220 1784 in
1243 1722 1337 1789 ἐπελ·
1465 1769 1471 1780 .

217 1843 346 1906 δόντων
371 1856 496 1900 numero
520 1833 610 1898 etiam
634 1839 666 1901 οἱ
689 1840 722 1900 ἐκ
746 1840 812 1902 τῶν
838 1835 965 1902 Μυλῶν
983 1833 1138 1918 cogitandi
1161 1842 1242 1901 sunt.
1286 1834 1335 1902 Ib.

216 1951 255 2017 ad
280 1954 333 2017 92.
379 1950 493 2015 Contra
517 1951 600 2035 93§
631 1951 668 2029 1,
701 1948 874 2014 munitione
905 1949 966 2014 iam
997 1950 1135 2035 incepta,
1169 1951 1337 2017 rectissime

215 2065 304 2132 abest
325 2065 475 2151 particula
504 2072 558 2133 ἄν.
590 2100 633 2112 -
664 2063 740 2127 Mox
770 2062 941 2128 laudandus
971 2070 1020 2128 est
1042 2063 1182 2144 Classen,
1214 2066 1336 2150 quode

216 2179 355 2244 Palatino
378 2179 494 2264 recepit
516 2177 668 2263 egregiam
691 2177 857 2242 lectionem
880 2176 989 2264 εἷρξαν
1008 2183 1044 2247 τὸ
1065 2200 1121 2263 pro
1139 2181 1291 2266 ἤρξαντο.

260 2295 334 2380 Pag.
359 2297 402 2362 48
425 2293 463 2358 ad
491 2295 534 2361 98
566 2293 645 2358 med.
689 2291 762 2357 Non
785 2292 951 2372 haererem,
975 2292 1002 2356 si
1023 2292 1194 2378 legeretur:
1223 2296 1270 2363 δι’
1294 2288 1336 2381 ἧς

216 2412 357 2490 διέξοδοι
378 2415 436 2480 οὐκ
460 2409 564 2496 ἦσαν,
597 2408 650 2473 sed
672 2430 734 2474 non
757 2408 821 2472 fero
850 2413 943 2477 ὅθεν
968 2416 1053 2488 aro,
1084 2408 1156 2493 quia
1186 2407 1337 2475 Graecum

216 2533 262 2590 est
285 2529 442 2606 διεξιέναι
467 2528 548 2604 διά,
570 2545 631 2590 non
649 2529 693 2603 ἐξ.
722 2522 773 2588 Sie
790 2522 827 2589 11
846 2525 868 2588 4
886 2545 915 2607 p.
936 2525 986 2589 fin.
1008 2545 1063 2609 pro
1087 2526 1236 2594 δίοδον
1255 2523 1336 2609 apud

187 2617 188 2622 ἵ
217 2639 413 2706 Scholiastam
430 2638 576 2722 Platonis
599 2660 753 2725 perperam
768 2621 883 2725 legitur
905 2640 1129 2722 διέξοδον,
1160 2647 1191 2704 et
1214 2639 1338 2707 V1169

216 2762 401 2822 exinterato
435 2755 541 2841 Poppo
574 2777 629 2841 pro
661 2756 898 2823 διέκπλουν
931 2753 1103 2819 emendavit
1137 2757 1335 2825 ἔκπλουν.

215 2869 342 2936 Passum
366 2876 412 2935 est
438 2868 584 2935 ascribis
608 2869 755 2935 vocabulo
779 2872 889 2951 ἔξοδος
913 2869 938 2934 ΙΙ
955 2872 1018 2936 106
1042 2870 1058 2954 d
1083 2873 1113 2934 1.
1465 2947 1467 2952 Ι

261 2984 336 3070 Cap.
368 2964 430 3052 102
455 2987 472 3070 δ
496 2988 525 3050 2.
572 2984 703 3070 Supple:
732 2986 879 3074 χαλεπῶς
903 2986 968 3070 (δὲ)
993 2986 1048 3052 διὰ
1079 2991 1138 3069 τὴν
1170 2990 1237 3059 κτὲ,
1284 2980 1333 3047 Of.

216 3099 271 3166 III
295 3101 338 3166 23
361 3102 379 3185 δ
401 3103 442 3165 4:
467 3137 511 3147 -
535 3101 682 3188 χαλεπῶς
706 3101 740 3167 δὲ
765 3106 820 3166 καὶ
843 3104 968 3188 βιαίως.

260 3212 334 3298 Gap.
361 3213 425 3279 103
448 3213 465 3297 δ
490 3214 527 3276 l:
559 3219 591 3281 οἱ
617 3213 645 3282 δ’
671 3221 705 3282 ἐν
730 3225 770 3301 τῇ
793 3216 931 3299 Σικελίᾳ
966 3211 1152 3301 Ἀθηναῖοι
1177 3249 1220 3260 -
1247 3214 1338 3280 ἐπελ·

216 3336 335 3404 δόντες
353 3335 434 3414 μετὰ
456 3336 521 3398 τῶν
547 3330 714 3412 Ἑλλήνων
730 3333 903 3417 ξυμμάχων
928 3335 983 3396 καὶ
999 3334 1067 3398 ὅσοι
1083 3329 1233 3398 Σικελῶν
1255 3335 1338 3396 κατὰ

219 3453 334 3530 κράτος
354 3447 524 3531 ἀρχόμενοι
549 3450 611 3513 ὑπὸ
632 3450 844 3530 Συρακοσίων
870 3450 924 3511 καὶ
952 3448 1111 3532 ξύμμαχοι
1142 3448 1233 3519 ὄντες
1260 3447 1340 3511 α’πο·
1417 3437 1418 3445 ¹

218 3567 350 3634 στάντες
373 3562 484 3635 αὐτοῖς
510 3559 588 3643 [ἀπὸ
616 3561 843 3646 Συρακοσίων]
871 3560 1124 3645 ξυνεπολέμουν.
1168 3557 1338 3622 Βθλθνθῐίω

217 3672 347 3737 otiosum
371 3671 630 3752 additamentum,
656 3672 737 3756 quod
754 3673 876 3758 insuper
890 3673 1037 3758 perplexo
1055 3670 1214 3737 verborum
1233 3671 1339 3738 ordine

219 3788 367 3873 arguitur.

264 3902 337 3988 Gap.
359 3905 421 3970 107
440 3905 458 3988 δ
479 3908 508 3970 3.
545 3909 562 3972 ό
586 3905 620 3971 δὲ
638 3903 882 3986 (Demosthenes)
907 3905 1124 3990 προσαγαγὼν
1150 3907 1245 3988 ε’γγδς
1271 3903 1340 3989 [τῆς

220 4017 362 4105 ’'Ol-napa]
379 4020 701 4104 ἐστρατοπεδεύσατο,
718 4019 863 4105 χαράδρα
877 4017 906 4084 δ’
923 4021 1062 4096 αὐτούς
1073 4019 1196 4105 μεγάλη
1210 4020 1342 4107 διεῖργε.

222 4131 331 4197 Deleto
355 4143 411 4218 τῆς
434 4132 573 4220 Ὄλπης,
598 4130 638 4196 ad
658 4137 751 4214 ἐγγυς
776 4154 792 4195 e
816 4130 1003 4215 praegressis
1026 4131 1128 4216 cogita
1155 4140 1221 4203 τῶν
1246 4141 1342 4203 ἐναν-

222 4253 312 4318 τίων.
359 4248 458 4328 Quam
482 4245 572 4311 crisin
600 4245 756 4310 confirmat
787 4244 884 4309 forma
912 4243 1044 4308 nominis
1066 4246 1189 4330 proprii.
1238 4243 1344 4314 θυείαν

175 4441 187 4462 s
223 4363 304 4428 enim
327 4360 517 4449 Thucydides
540 4361 592 4445 (of.
621 4361 812 4440 105-108,
844 4363 929 4445 110).
975 4359 1090 4425 Plurali
1117 4383 1243 4426 numero
1267 4360 1345 4426 dixit

226 4482 261 4544 αἱ
284 4477 409 4545 ’'Ol-nou
437 4472 512 4539 locis
541 4473 705 4554 eiusmodi,
735 4474 878 4540 utnulla
905 4474 946 4538 sit
969 4473 1173 4559 interpolandi
1196 4475 1344 4561 auspiciu,

228 4598 277 4660 ter
300 4591 381 4658 idem
404 4611 515 4658 nomen
536 4588 651 4675 legitur
674 4611 800 4656 numero
824 4589 977 4678 Singulari
1001 4590 1040 4654 iis
1063 4589 1155 4671 loeis,
1179 4590 1233 4655 ubi
1251 4591 1346 4660 intet-

1136 4707 1178 4780 10
1186 4702 1210 4784 δ.
