3166 5230
831 451 895 518 140
968 502 970 506 .

312 642 562 731 άντιτνχεῖν
586 641 662 706 nihil
693 640 775 706 alind
805 641 896 706 latere
919 662 1008 725 quam
1031 646 1081 709 ἂν
1114 649 1263 728 τνχεῖν
1292 639 1331 704 ad
1355 663 1424 707 enm

311 758 411 822 locum
434 756 588 821 observavi
612 779 641 840 p.
667 758 719 823 89.
765 755 975 820 Confudernut
1006 752 1121 819 librarii
1148 758 1241 822 ΚΑΙ
1262 759 1293 818 et
1316 759 1427 824 ΚΑΝ

312 871 404 951 (κᾶν)
436 869 471 934 ΙΙ
502 873 544 936 80
574 873 632 955 31
665 875 734 934 ante
766 875 972 938 Ναύπακτον
999 873 1030 930 et
1056 867 1084 928 V
1109 870 1172 935 102
1197 873 1268 931 ante
1292 877 1420 948 στῆναι.

312 983 456 1048 Hausisse
479 983 600 1048 videtur
616 984 752 1048 voculam
777 989 855 1053 AN
869 982 1039 1047 terminatio
1063 987 1124 1051 ΑΙ
1143 967 1293 1046 infinitivi
1317 981 1363 1045 IV
1382 985 1424 1050 80

310 1100 370 1182 31
396 1108 426 1162 et
451 1099 495 1164 Vl
528 1101 570 1164 33
602 1105 679 1162 extr.
726 1098 799 1162 Post
830 1100 1043 1186 ἐπειχθέντας
1071 1095 1173 1160 eadem
1206 1097 1310 1160 vocula
1334 1097 1425 1182 periit

310 1214 362 1277 ΙΠ
380 1216 399 1279 3
417 1217 433 1300 3
450 1217 487 1292 3,
512 1220 580 1298 post
596 1215 777 1301 ἀναλαβεῖν
801 1213 846 1278 IV
865 1217 906 1281 70
929 1219 1022 1290 extr,
1041 1218 1110 1297 post
1130 1214 1214 1279 ἑλεῖν
1236 1211 1282 1276 IV
1300 1214 1342 1278 13
1359 1216 1375 1296 3
1394 1216 1423 1278 1.

308 1329 377 1392 Nisi
402 1330 478 1394 foite
502 1329 544 1393 ibi
568 1329 622 1394 Kr.
646 1335 725 1393 recte
749 1332 887 1413 μάλιστα
908 1329 1011 1412 iungit
1037 1351 1105 1392 cum
1129 1330 1227 1397 ε’λεῖν.
1276 1330 1326 1393 lta
1342 1327 1423 1391 enim

308 1448 410 1531 potius
434 1446 530 1512 scriba
553 1424 776 1516 ΜΑΛΙΟΤᾹ
795 1448 931 1531 (μάλιστ’
946 1445 1000 1532 ἄν)
1017 1468 1085 1509 cum
1105 1449 1328 1512 MAAJcrA
1353 1467 1424 1508 oon·

309 1561 422 1626 fudisse
445 1562 611 1627 censendus
634 1562 703 1628 erit.
732 1561 800 1626 Hoc
823 1559 927 1644 procul
951 1558 1043 1623 dubio
1067 1559 1175 1623 accidit
1198 1560 1226 1621 V
1251 1562 1270 1626 9
1295 1563 1308 1644 3
1333 1563 1364 1628 5.
1381 1601 1425 1612 —-

310 1677 459 1742 Futurum
484 1677 743 1762 sequitur1184
767 1678 839 1759 31,
866 1675 907 1740 85
935 1673 1012 1757 33,
1035 1673 1088 1738 ΙΙΙ
1113 1675 1154 1739 32
1181 1677 1195 1757 3
1220 1678 1256 1750 2,
1279 1676 1359 1758 623
1387 1677 1425 1758 3,

310 1791 357 1855 IV
379 1793 422 1857 43
444 1798 540 1868 extr,
565 1794 605 1857 71
631 1792 648 1876 3
672 1796 708 1870 2,
727 1794 768 1857 76
792 1793 806 1873 3
827 1793 865 1868 4,
888 1790 928 1856 85
948 1791 965 1874 3
986 1788 1072 1888 1,,17
1092 1791 1109 1852 7
1134 1791 1151 1874 3
1170 1791 1208 1866 2,
1232 1788 1337 1858 Ἦ20
1358 1793 1426 1876 32,

312 1908 387 1986 243
412 1910 445 1977 2.
470 1905 522 1970 nbi
538 1913 606 1992 post
628 1917 833 1992 σωθήσεσθαι
850 1912 881 1969 et
897 1909 996 1972 οῖ’σειν
1014 1910 1131 1967 stante
1150 1909 1305 1990 ὑπάρξειν
1323 1911 1426 1971 tamen

310 2019 441 2084 editores
465 2021 598 2084 retinent
626 2018 925 2108 προσκτήσασθαι]
956 2017 1002 2081 Vl
1027 2019 1068 2084 56
1090 2019 1107 2102 3
1133 2019 1170 2097 3,
1193 2022 1232 2083 71
1258 2023 1275 2106 3
1299 2024 1336 2100 2,
1363 2020 1426 2085 VII

311 2134 1427 2221 asse,viu1sareas„llsrnssretans.lo
1556 2109 1557 2116 *

310 2250 387 2313 hanc
410 2271 545 2314 normam
577 2248 623 2314 IV
647 2254 689 2315 24
712 2253 728 2337 3
749 2251 769 2315 3
794 2273 809 2314 e
832 2248 916 2314 libris
940 2247 1016 2313 dett.
1041 2255 1205 2334 reponatur
1227 2234 1428 2340 ’χειρὼσε

311 2377 416 2432 σθαι
442 2372 474 2428 et
498 2364 562 2428 VII
586 2369 624 2430 21
652 2366 669 2449 3
691 2369 709 2428 2
734 2365 903 2447 corrigetur
929 2375 1283 2450 κατεργάσεσθαι.
1331 2367 1429 2432 Recte

311 2481 447 2564 sequitur
471 2480 646 2544 Infinitivus
669 2479 842 2543 Praesentis
867 2479 958 2556 locis,
987 2479 1084 2564 qualis
1109 2486 1155 2550 est
1177 2479 1241 2542 Vll
1265 2483 1306 2545 41
1327 2488 1429 2562 extu,

310 2592 362 2658 ubi
386 2597 476 2675 ἐλπὶς
499 2601 546 2659 est
574 2594 698 2681 fiducia
726 2593 765 2660 de
793 2613 828 2661 re
848 2593 1027 2681 praesenti.
1074 2593 1121 2657 Of.
1156 2594 1200 2656 IV
1235 2597 1273 2660 71
1305 2597 1322 2681 3
1352 2599 1371 2662 2
1396 2603 1430 2661 et

314 2711 354 2775 81
380 2715 455 2774 extr.

355 2823 428 2910 Cap.
453 2827 495 2891 60
520 2825 536 2906 3
562 2825 592 2887 4.
622 2822 689 2891 οὐδ’
719 2828 801 2899 εἰκὸς
826 2823 972 2911 χαλεπῶς
998 2824 1108 2909 φέρειν
1134 2823 1257 2907 [αὐτῶν
1282 2822 1339 2887 del.
1366 2823 1429 2886 Do·

310 2937 394 3024 bree]
423 2940 546 3024 μάλλον
573 2947 594 3024 ἤ
620 2942 657 3006 οὐ
682 2941 798 3023 κηπίον
827 2944 896 3003 καὶ
925 2939 1257 3024 ἐμκαλλάπισμα
1284 2941 1429 3008 πλούτου

312 3060 390 3137 πρὸς
415 3060 536 3137 ταύτην
560 3057 756 3134 νομίσαντας
780 3053 981 3136 ὀλιγωρῆσαι.
1028 3050 1101 3114 Non
1124 3051 1324 3135 praestiterim
1342 3074 1430 3118 voca·

312 3165 383 3229 bula
411 3173 465 3232 καλ
494 3168 746 3250 ἐγκαλλώπισμα
774 3188 834 3230 non
861 3187 925 3228 esse
953 3164 1100 3250 glossema
1124 3166 1260 3231 vocabuli
1289 3167 1429 3248 obscuri,

311 3279 390 3364 quod
411 3280 438 3344 ei
462 3281 631 3366 praecedit,
656 3280 748 3364 idque
775 3281 950 3360 eominus,
978 3284 1048 3366 qnia
1067 3284 1318 3369 ἐγκαλλώπισμα
1339 3307 1431 3348 voca·

311 3394 417 3458 bulum
442 3418 506 3460 esse
529 3396 649 3461 videtur
672 3407 727 3464 τοῦ
750 3408 891 3483 πονηροῦ
916 3404 1086 3481 κόμματος.
1128 3395 1254 3460 Veteres
1276 3397 1357 3462 enim
1381 3399 1431 3462 uti

312 3510 411 3574 solent
434 3509 531 3607 verbis
563 3510 749 3595 simplicibus
779 3514 1008 3590 καλλωπίζειν,
1043 3513 1267 3596 καλλάιττισμα,
1304 3514 1432 3582 καλλω-

311 3630 442 3709 πισμὸς,
476 3625 714 3710 καλλωπιστής,
750 3648 811 3690 non
845 3625 1018 3710 compositis
1050 3629 1305 3709 ἐγκαλλωπίζειν
1338 3634 1434 3708 cett,
1557 3633 1559 3688 J

312 3745 482 3823 quaesunt
506 3741 691 3822 sequiorem,
737 3740 946 3826 Suspicionem
971 3764 1032 3806 non
1058 3742 1169 3807 minuit
1196 3725 1352 3807 Eustatliii
1377 3744 1432 3808 ad-

312 3853 431 3916 notatio
455 3853 493 3916 ad
517 3851 556 3918 Il.
581 3853 624 3920 M.
643 3855 725 3919 314:
752 3868 881 3940 κῆπος
908 3863 967 3941 γὰρ
992 3845 1028 3924 οὐ
1043 3865 1143 3942 μόνον
1161 3858 1319 3942 φυταλιά,
1345 3860 1432 3926 ἀλλὰ

313 3975 366 4034 καὶ
397 3970 690 4055 καλλωπισμὸς
715 3977 811 4057 κόμης
836 3977 919 4038 κατὰ
943 3971 1066 4040 Αἴλιον
1084 3978 1267 4039 Διονύσιον.
1283 4009 1328 4018 -
1349 3977 1433 4040 Θου-

314 4083 445 4169 κυδίδης
469 4084 502 4149 δὲ
529 4090 644 4166 κη’ττιόν
669 4111 744 4172 φησι
773 4093 836 4153 ιιτὲ.
884 4086 972 4151 Nihil
997 4093 1099 4150 tamen
1123 4086 1248 4152 affirmo

357 4196 427 4283 (lap.
450 4200 492 4263 64
515 4203 531 4285 3
556 4200 585 4263 3.
630 4207 669 4283 ἤν
696 4208 749 4266 καὶ
777 4202 880 4287 [νῦν]
909 4202 1098 4284 ὑπενδώμέν
1127 4228 1233 4267 ποτε.
1284 4198 1433 4265 Voculam

313 4323 385 4390 νῦν,
399 4310 444 4376 'nt
467 4313 594 4378 alienam
610 4337 627 4378 a
645 4321 745 4380 mente
761 4315 888 4379 oratoris
911 4319 1208 4391 ἀντικαθιστάντος
1226 4313 1431 4380 Athenienses
1558 4353 1559 4376 1

313 4407 413 4495 πάλιν
445 4433 497 4496 ἐπὶ
522 4435 557 4495 τὸ
589 4440 747 4515 θαρσεῖν,
783 4428 890 4494 lubens
919 4429 1088 4495 deleverim.
1148 4429 1242 4493 Recte
1275 4428 1429 4513 interpres
1558 4439 1559 4446 ’

313 4540 441 4608 Latinos
466 4543 510 4628 (in
535 4544 582 4612 ed.
606 4545 728 4631 Bkeri):
752 4545 882 4612 etiamsi
910 4544 1041 4612 tandem
1068 4543 1251 4636 aliquando
1282 4564 1430 4610 ανοοιικο-
