3190 5232
720 481 759 542 17

174 667 309 752 ΙΙιίᾙδ
337 668 353 751 b
379 669 409 733 6.
437 665 527 731 habet
555 674 589 736 ἐν
615 679 659 754 tp)
684 674 753 734 τότε
779 673 929 751 παρόντι,
959 664 1040 729 unde
1064 665 1123 730 nisi
1149 687 1187 729 ex
1212 665 1292 730 Thu·
1400 755 1406 768 ἢ

174 781 301 869 oydide?

190 895 299 964 '†Ib
335 895 351 976 b
383 896 403 958 3
435 897 556 982 ξυνέβη
581 895 605 959 τ’
631 898 717 978 αὐτῷ
747 870 991 960 καλεῖσθαι.
1015 894 1114 958 Immo
1141 899 1294 964 οἰνακα·

175 1014 238 1079 tat
246 1023 352 1079 σθαι
368 1038 379 1084 ,·
398 1032 473 1084 nam
496 1031 593 1072 sermo
618 1016 664 1072 est
688 1008 724 1071 de
749 1007 896 1072 Pausania
920 1014 1069 1073 reuocato
1093 1007 1132 1072 ab
1153 1007 1292 1092 Ephoris.

173 1125 220 1192 Cf.
247 1128 309 1192 131
337 1127 404 1210 bl.
429 1133 449 1202 †

219 1239 291 1324 Cap.
326 1242 376 1306 96.
402 1237 502 1302 Verba
523 1242 605 1306 οὕτω
627 1245 685 1324 γὰρ
707 1239 880 1322 ὠνομάσθη
899 1242 963 1303 τῶν
986 1248 1153 1324 χρημάτων
1174 1248 1193 1322 ή
1214 1244 1294 1324 φορὰ

173 1353 278 1439 potius
302 1352 426 1417 lectoris
450 1351 693 1416 additamentum
721 1374 783 1416 esse
808 1373 895 1435 quam
921 1351 1020 1436 ipsius
1036 1338 1221 1439 Thucydidis
1237 1355 1296 1416 iam

174 1469 271 1534 sensit
295 1466 430 1532 Classen.

219 1583 292 1666 Cap.
318 1584 369 1647 97.
395 1591 415 1666 ἢ
439 1588 478 1648 τα“
503 1587 565 1668 πρὸ
584 1591 647 1650 τῶν
667 1584 830 1668 Μηδικῶν
854 1581 1062 1668 [Ἑλληνικὰ]
1082 1586 1294 1660 ξυνετίθεσαν

175 1707 195 1783 ἡ·
216 1702 355 1765 αὐτὰτὰ
373 1699 521 1783 Μηδικά.
547 1694 751 1760 Manifestum
770 1697 1010 1762 additamentum
1026 1701 1205 1786 Ἑλληνικὰ
1221 1721 1297 1764 non-

83 1831 86 1836 ·
178 1811 250 1875 dum
274 1811 307 1874 in
332 1832 386 1873 suo
412 1809 513 1874 oodioe
536 1810 612 1895 legit
636 1810 733 1876 Valla.

223 1925 296 2010 Cap.
328 1927 436 2010 102p
469 1929 498 1990 1.
529 1929 668 2012 μάλιστα
695 1927 722 1995 δ’
748 1931 863 2007 αὐτούς
889 1927 1117 2014 (Athenienses)
1147 1930 1297 1996 ἐπεκαλέ-

183 2067 279 2110 σαντο
304 2040 468 2126 (Spartani)
493 2045 542 2107 ὃτι
568 2053 771 2130 τειχομαχεῖν
799 2045 931 2111 ἐδόκουν
954 2045 1088 2112 δυνατοί
1110 2042 1205 2116 εἶναι,
1228 2060 1297 2128 τῆς

180 2160 215 2224 δι’
250 2157 437 2242 πολιορκίας
464 2165 588 2242 μακρᾶς
614 2162 853 2242 καθεστηκυίας
877 2163 992 2225 τοιίτου
1018 2161 1111 2226 ἐνδεᾶ
1137 2163 1296 2242 ἐφαίνετο.

179 2271 227 2334 Sin
261 2293 298 2332 ex
330 2269 407 2335 dett.
432 2269 519 2334 codd.
543 2271 643 2334 looum
667 2270 778 2334 rectius
803 2271 901 2335 edidit
925 2270 1040 2336 nonme
1063 2294 1153 2356 quain
1177 2271 1298 2354 Kriiger

179 2393 209 2450 et
233 2385 380 2461 Classen,
406 2385 457 2468 qui
482 2392 551 2470 post
578 2385 749 2450 llekherum
775 2409 809 2451 ex
826 2386 1000 2450 melioribus
1016 2386 1203 2472 seripserunt
1218 2396 1298 2462 τοῖς

181 2504 214 2568 δὲ
243 2509 311 2568 κτέ.
360 2499 433 2565 Non
464 2501 544 2564 enim
567 2502 600 2564 in
623 2524 719 2586 genus
743 2501 779 2565 de
804 2501 962 2566 obsidione
986 2524 1082 2566 sermo
1106 2508 1153 2566 est
1177 2501 1228 2566 sed
1262 2501 1298 2564 de
1357 2545 1360 2552 »

180 2614 342 2679 obsidione
376 2614 531 2692 lthomes,
556 2638 631 2700 quae
656 2617 726 2682 urbs
750 2617 808 2680 iam
833 2616 947 2680 dudum
971 2624 1041 2679 ante
1064 2615 1299 2680 Atheniensium

179 2729 343 2794 adventum
369 2728 611 2815 oppugnabatur.
637 2730 777 2796 Fortasse
803 2739 904 2794 tamen
931 2737 1052 2815 utraque
1073 2729 1204 2794 lectione
1229 2752 1298 2794 oon-

177 2843 284 2907 iunota
301 2842 493 2908 scribendum
510 2851 571 2908 est:
599 2857 686 2923 τοῖς
712 2849 752 2913 δι’
778 2859 847 2930 τῆς
869 2849 1058 2934 πολιορκίας
1075 2857 1199 2934 μακρᾶς
1218 2857 1297 2914 καθ·

180 2965 349 3046 ιστηκυίας
381 2964 498 3027 τοιίτου
523 2963 616 3028 ἐνδεᾶ
646 2966 805 3044 ἐφαίνετο.
848 2961 948 3026 Verba
973 2970 1072 3026 autem
1096 2974 1162 3039 τοῖς
1182 2964 1215 3029 δέ
1233 2969 1299 3029 κτέ.

48 3101 51 3108 ·
169 3073 288 3162 ,melius
320 3095 408 3157 quam
439 3074 510 3138 feeit
540 3073 670 3158 Kriiger‚
696 3075 819 3140 Classen
843 3077 879 3140 de
906 3077 1146 3142 Atheniensibus
1170 3098 1232 3141 non
1262 3075 1298 3139 de

181 3189 340 3274 Spartanis
373 3189 521 3274 intelligit
543 3197 574 3253 et
596 3191 650 3257 ι’ίίί
673 3191 816 3256 dicuntur
836 3197 893 3281 βίᾳ
917 3200 960 3260 ἂν
985 3194 1069 3260 ἑλεῖν
1098 3198 1134 3260 τὸ
1162 3195 1296 3279 χωρίον,

181 3307 245 3372 soil.
272 3306 304 3370 ni
328 3313 444 3375 τουτου
467 3311 560 3374 ἐνδεᾶ
584 3313 744 3391 ἐφαίνετο,
770 3308 807 3372 ad
831 3331 919 3393 quam
945 3307 1065 3393 ellipsin
1090 3309 1126 3372 el.
1148 3329 1223 3392 quae
1239 3306 1301 3369 dis-

180 3422 286 3506 putavi
318 3420 354 3483 ad
382 3420 491 3505 Oedip.
527 3420 600 3506 neg.
637 3422 694 3504 (ed.
720 3428 828 3508 means)
854 3447 882 3507 p.
909 3426 970 3489 101
998 3422 1110 3507 (adn.):
1128 3423 1300 3506 Ἐφαίνετο

181 3539 210 3601 h.
247 3536 266 3602 l.
301 3543 347 3600 est
371 3536 554 3622 apparebat
579 3559 656 3621 eque
680 3538 801 3622 regione
825 3533 990 3623 opponitur
1013 3559 1186 3624 praegresso
1209 3535 1302 3600 verbo

183 3656 326 3721 ἐδόκουν.
360 3652 504 3716 Dativum
536 3665 602 3730 τοῖς
636 3657 669 3725 δὲ
704 3663 783 3718 reete
816 3654 962 3739 explicuit
992 3652 1132 3730 Classen,
1157 3650 1302 3716 adhibitis

181 3767 255 3832 loeis
294 3769 329 3831 Π
360 3771 402 3834 42
436 3772 449 3850 ᾗ
484 3773 502 3833 2
541 3778 595 3836 καί
630 3773 685 3838 ουκ
721 3779 763 3838 ἂν
798 3771 930 3846 πολλοῖς
957 3808 1000 3819 --
1024 3773 1140 3854 φανείη
1165 3767 1301 3833 e1148

181 3885 196 3966 §
222 3885 261 3960 3,
288 3884 329 3948 89
353 3885 367 3966 1
392 3885 421 3949 3.

227 3995 299 4082 Cap.
326 3998 390 4064 105
415 3998 432 4081 d
457 4001 485 4062 2.
521 3999 660 4083 πολέμου
697 4002 730 4066 δέ
764 4009 984 4076 καταστάντος
1014 4003 1092 4083 πρὸς
1117 4002 1302 4080 Αἰγινήτας

183 4111 384 4200 Ἀθηναίοις
418 4121 498 4199 μετὰ
526 4123 627 4181 ταῦτα
656 4121 819 4203 ναυμαχία
848 4119 995 4196 γίγνεται
1024 4111 1076 4179 ἐπ’
1100 4117 1225 4198 Αίμίνῃ
1250 4138 1303 4195 με·

183 4229 265 4314 νάλη
297 4227 509 4313 [Ἀθηναίων
543 4235 597 4295 καί
624 4231 847 4314 Adrapanan}
876 4235 930 4295 καὶ
955 4234 985 4297 oi
1012 4231 1170 4313 ξύμμαχοι
1195 4225 1303 4291 ἑκατέ-

181 4371 258 4429 ροιςΙ
274 4354 436 4430 παρῆσαν.
472 4343 508 4408 In
535 4343 722 4426 marginem,
748 4344 827 4408 unde
852 4343 928 4406 male
952 4341 1059 4428 pedem
1085 4340 1207 4417 intulit,
1233 4359 1305 4400 exu-

182 4459 245 4522 lato
269 4459 384 4544 puerile
408 4458 656 4524 additamentum.

230 4575 304 4661 Cap.
341 4578 403 4643 109
438 4579 454 4660 b
487 4579 517 4641 1.
552 4583 591 4644 Οἱ
615 4579 641 4643 δ’
667 4583 700 4645 ἐν
729 4587 767 4662 τῇ
792 4583 954 4660 Αίνυπτῳ
984 4574 1168 4660 Ἀθηναῖοι
1197 4573 1250 4634 καί
1276 4573 1306 4633 οἱ

1154 4687 1172 4750 2
