3166 5230
711 533 773 598 129

171 721 270 785 forma
293 729 355 785 tam
384 719 513 784 mirabili
536 719 609 784 lecit
632 719 831 798 mentionem,
855 720 914 785 nisi
938 721 1016 785 forte
1040 721 1208 785 testimonii
1225 722 1291 787 loco

171 835 310 900 habenda
331 843 422 919 putas
449 835 538 899 verba
566 834 764 921 Grammatici
788 842 859 920 περὶ
885 841 1063 915 συντάξεως
1086 835 1164 920 apud
1194 836 1290 900 Bekk.

171 939 233 1014 An.
259 973 289 1034 p.
324 953 404 1028 122,
431 951 490 1026 32,
525 948 577 1032 qui
604 927 652 1012 sic
677 949 798 1012 scribit:
824 954 1030 1035 αἴσθομαι
1063 957 1230 1037 αἰτιατικῇ
1255 956 1290 1017 ἐκ

171 1078 228 1132 τοῦ
256 1071 339 1133 κατὰ
364 1066 516 1132 Μειδίου·
541 1064 598 1146 ὅλη
628 1071 687 1150 γὰρ
712 1075 731 1148 ἤ
755 1065 848 1140 πόλις
872 1074 931 1148 τὴν
957 1067 1125 1132 ἀντίδοσιν
1151 1071 1206 1130 καὶ
1230 1072 1289 1147 τῆν

172 1181 351 1266 ἐπιβουλὴν
386 1187 456 1247 τότε
487 1187 609 1266 ταύτην
642 1185 697 1245 καὶ
727 1186 784 1262 τῆν
821 1180 993 1262 ἀσέλγειαν
1024 1187 1188 1264 ᾔσθετο.
1236 1178 1290 1240 Το-

171 1301 270 1358 statur
293 1315 363 1358 vero
392 1294 465 1358 haec
495 1292 560 1377 ipsa
583 1291 834 1356 adnotatiuncula
866 1292 1103 1376 magistellorum
1130 1292 1164 1356 in
1187 1291 1291 1356 formis

170 1407 321 1492 fingendis
349 1407 501 1470 levitatem
525 1413 556 1470 et
578 1406 775 1491 imperitiam,
802 1406 853 1490 qui
877 1429 915 1470 ne
939 1407 1145 1470 intellexerint
1161 1406 1289 1490 pnidem

170 1529 289 1608 ᾔσθετο
321 1520 476 1584 Acristum
501 1543 564 1584 esse
595 1520 633 1585 ab
667 1527 876 1606 αἰσθάνομαι.
925 1521 1084 1586 Eiusmodi
1109 1530 1210 1585 autem
1235 1521 1290 1584 ho·
1335 1611 1340 1622 ι

171 1633 322 1698 munculis
345 1634 437 1698 fidem
460 1633 567 1699 habere
591 1634 761 1698 Bellerosl

217 1747 291 1833 Cap.
319 1752 360 1816 28
385 1756 585 1834 ἀπῆνεγκαν.
632 1749 678 1815 Of.
704 1748 758 1813 Ill
790 1751 832 1814 53
864 1757 1160 1833 ἐπεσενεγκάμενοι,
1194 1747 1222 1809 V
1252 1750 1293 1813 10

171 1867 376 1946 ἀπήνεγκαν,
401 1865 443 1928 38
469 1871 642 1947 ἐσῆνεγκαν
670 1865 712 1948 (et
738 1865 781 1928 sle
803 1863 886 1927 VIII
910 1865 978 1949 67),
1004 1865 1066 1930 115
1090 1869 1293 1947 ἐσενεγκάμε·

172 2007 236 2046 νοι.
282 1978 388 2042 Altera
411 1979 506 2044 forma
528 1979 642 2062 legItur
665 1979 693 2040 V
719 1981 758 2044 17
784 1989 1055 2065 προενεγκόντων,
1077 1978 1124 2042 VI
1145 1979 1186 2044 25
1203 1983 1292 2058 ξυνε-

172 2095 296 2176 νὲγκοι,
311 2095 352 2160 66
378 2103 636 2177 κατενεγκόντες,
655 2097 695 2160 76
713 2100 909 2176 ἐνεγκόντες,
937 2102 968 2157 et
983 2094 1103 2177 passm.
1130 2092 1292 2156 Verissime

171 2205 351 2269 Eustathlus
375 2205 413 2270 ad
429 2205 488 2271 Od.
505 2215 525 2295 β
544 2209 601 2274 85:
621 2216 695 2293 φησὶ
709 2209 885 2286 -Αἶλιος
904 2215 1072 2285 Διονύσιος
1097 2213 1147 2274 ὃτι
1172 2205 1291 2276 εἷπον

172 2327 229 2387 καὶ
254 2319 352 2388 εἶπα
367 2325 529 2409 ἀμφότερα
552 2330 639 2410 παρὰ
659 2335 727 2401 τοῖς
746 2325 939 2402 Ἀττικοῖς,
956 2324 1080 2407 μᾶλλον
1105 2325 1139 2389 δὲ
1163 2329 1198 2389 τὸ
1217 2331 1292 2408 πρὸ·

171 2462 277 2520 τερον.
306 2442 359 2504 καὶ
386 2443 426 2503 τὰ
449 2445 668 2520 προστακτικὰ
691 2441 725 2505 δὲ
752 2441 935 2524 ἀμφοτέρως
964 2444 1053 2506 εἰπὲ
1083 2443 1137 2503 καὶ
1162 2444 1291 2504 εἰπὸν.

172 2557 228 2616 καὶ
253 2557 289 2617 αἱ
310 2557 444 2640 μετοχαί
468 2558 485 2619 ὁ
508 2557 635 2622 εἰπὼν
661 2560 714 2621 καὶ
739 2561 756 2621 o‘
780 2557 912 2631 εἴπας.
960 2554 1083 2622 Ἰστέον
1110 2554 1144 2618 δὲ
1163 2557 1214 2618 ὅτι
1239 2580 1294 2617 κα·

172 2674 279 2750 &deep
304 2666 423 2736 εἶπον
448 2675 502 2733 καὶ
527 2666 637 2744 εἶπα,
656 2673 809 2736 οὕτωκαὶ
833 2679 993 2753 ἤνεγκα
1018 2673 1072 2734 καὶ
1097 2677 1291 2750 ἤνεγκον.

171 2785 228 2845 καὶ
247 2781 371 2864 μᾶλλον
395 2790 498 2860 τοῦτο,
521 2787 564 2858 ὥς
579 2787 597 2849 ό
613 2790 751 2866 κωμικός
773 2789 807 2850 ἐν
825 2790 1043 2868 Λυσιστράτῃ·
1064 2781 1195 2848 τάλαιν’
1212 2783 1291 2862 ἐγὼ,

171 2898 208 2958 τὸ
233 2897 341 2978 (todeca
364 2904 542 2978 ἤνεγκον
566 2904 676 2982 μιλρον·
701 2908 756 2965 τοῦ
774 2901 808 2964 δὲ
826 2899 935 2984 ἑτέρον
964 2906 1069 2984 χρῆσις
1095 2895 1172 2982 παρ’
1197 2902 1294 2982 Εὐρι-

172 3009 263 3094 πίδῃ·
286 3016 441 3091 ἤνεγκα
467 3012 640 3089 κάξέσωσα.
692 3009 738 3076 Cf.
756 3012 884 3075 Photius
905 3011 964 3075 lex.
988 3012 1008 3074 i.
1023 3035 1051 3074 v.
1075 3021 1236 3096 ἤνεγκα
1262 3017 1293 3073 et

173 3119 210 3184 B.
224 3123 261 3184 A.
278 3143 309 3204 p.
328 3124 388 3200 41,
407 3125 458 3189 28.
505 3123 575 3188 Etsi
599 3124 695 3208 igitur
719 3133 845 3210 utraque
868 3125 963 3190 forma
984 3125 1103 3189 Atticos
1128 3148 1201 3189 usus
1225 3147 1292 3187 esse

173 3236 247 3300 satis
277 3244 413 3314 constat,
442 3236 550 3302 dubito
581 3244 682 3304 tamen
713 3263 751 3305 an
783 3241 947 3325 scriptores
980 3241 1134 3324 pedestres
1170 3213 1295 3323 utradue

172 3350 343 3436 promiscue
368 3351 413 3415 usi
437 3375 502 3417 esse
525 3354 667 3418 censendi
690 3355 766 3434 sint,
792 3364 823 3419 et
840 3355 925 3420 valde
948 3355 1062 3420 inclino
1086 3355 1118 3418 in
1142 3378 1208 3419 cem
1223 3377 1291 3440 par·

172 3473 255 3544 tem,
280 3473 315 3529 ut
338 3465 454 3530 Acristi
477 3467 589 3551 prioris
613 3491 702 3533 usum
725 3469 897 3556 Thucydidi
920 3469 1100 3535 abiudIcem.
1146 3469 1192 3532 De
1215 3467 1291 3537 εἶπα

172 3601 208 3643 ea
232 3601 279 3643 res
303 3587 420 3644 constat
444 3603 592 3646 consensu
616 3583 754 3648 codicum
779 3585 927 3649 omnium.

218 3693 289 3780 Cap.
316 3698 358 3762 30
382 3699 533 3766 Σύλλιον.
569 3699 664 3765 Oodd.
688 3701 721 3764 in
745 3700 802 3764 hoc
824 3699 947 3763 nomine
971 3698 1082 3762 variare
1098 3697 1198 3762 solent
1213 3697 1293 3761 inter

170 3811 315 3879 Σόλλιον
343 3813 502 3880 Σὸλλειον
526 3820 558 3877 et
580 3817 714 3883 Σόλιοι.
761 3814 909 3878 Ultimam
926 3814 1069 3890 formam,
1097 3835 1185 3896 quam
1203 3811 1293 3875 habet
1390 3896 1394 3902 .

172 3926 345 4010 Stephanus
369 3925 573 4008 Byzantinus,
601 3925 738 3990 stabilire
762 3926 905 3991 ridentur
927 3933 1057 4010 cognate
1082 3925 1205 3990 nomina
1226 3935 1292 3993 Σο·

171 4043 245 4118 loce
269 4049 298 4104 et
321 4041 422 4108 Σόλοι
447 4047 477 4104 et
502 4040 652 4126 (fortasse)
678 4043 853 4124 Σολῆγεια.

218 4154 310 4222 Van
334 4162 615 4224 ὑπετόπεοον.
663 4155 772 4220 Forma
804 4157 894 4220 unice
925 4179 994 4220 vera
1026 4157 1115 4220 huius
1139 4153 1219 4218 verbi
1245 4162 1291 4216 est

171 4273 360 4336 ὑποτοαεῐν.
386 4267 470 4347 Illa,
494 4290 569 4352 quae
586 4276 740 4353 praeterea
755 4270 906 4352 reperitur
922 4271 1005 4334 VIII
1023 4274 1064 4336 67
1081 4272 1097 4355 ἤ
1115 4274 1147 4351 2,
1166 4267 1291 4332 extremi

176 4382 242 4448 aevi
273 4383 470 4469 scriptoribus
500 4382 705 4467 relinquenda.
752 4383 798 4448 cf.
823 4383 901 4450 HSt.
928 4383 1007 4464 VII,
1036 4386 1131 4451 9568.
1178 4381 1291 4445 Natam

176 4499 307 4584 suspicor
331 4522 346 4563 e
371 4498 545 4564 confusione
561 4497 645 4561 illius
663 4497 747 4562 verbi
764 4521 831 4562 cum
847 4505 1027 4569 cuonrado.
1043 4538 1086 4548 -
1103 4498 1181 4570 Vide
1197 4497 1294 4582 Phry·

177 4613 300 4678 nichum
324 4613 361 4678 Β.
385 4615 422 4678 A.
447 4636 475 4699 p.
502 4616 560 4694 67,
585 4613 626 4676 30
650 4633 692 4700 sq.

1139 4729 1159 4804 9

1358 4697 1369 4734 d
