3166 5230
177 3887 179 3892 ,
276 3814 398 3880 cecinit:

331 605 406 694 Cap.
430 599 483 676 38.
508 615 656 690 ἐοικότες.
696 609 815 676 Atticos
839 609 951 675 dixisse
979 616 1086 688 εἰκώς,
1113 609 1251 689 εἰκέναι,
1282 610 1404 689 εἴξασιν

287 727 356 788 cett.
382 729 445 787 tam
468 729 625 808 poetarum
652 747 741 811 quam
765 731 899 791 veterum
922 722 1197 790 Grammaticorum
1223 720 1405 788 testimoniis

286 835 408 902 abunde
435 842 565 902 constat.
613 836 762 903 Videatur
784 836 880 904 Cobet
902 837 1017 904 Mnem.
1047 836 1101 902 III
1128 837 1208 916 145,
1231 835 1260 898 V
1284 838 1349 903 264
1371 841 1405 900 et

285 951 352 1016 VH
375 953 405 1018 9.

330 1066 401 1152 Cap.
428 1067 481 1133 54.
527 1066 663 1132 Tandem
693 1066 862 1154 Thucydidi
893 1066 1016 1132 reddam
1046 1066 1248 1153 δεδραμένων
1271 1084 1325 1150 pro
1353 1065 1402 1131 δε-

286 1182 483 1268 δρασμένων.

329 1293 403 1382 Cep.
429 1299 480 1362 67.
511 1303 742 1385 παρηνόμησαν
766 1319 821 1384 pro
843 1303 1071 1385 παρενόμησαν
1093 1292 1254 1361 barbarum
1277 1297 1334 1356 884·

330 1408 403 1495 Cap.
428 1410 480 1478 85.
513 1411 685 1497 ἐληιζον
711 1418 785 1491 τούς
809 1419 844 1482 ἒν
871 1423 911 1500 τῇ
933 1422 1017 1500 νήσῳ
1040 1416 1070 1475 et
1093 1407 1139 1474 IV
1160 1410 1202 1474 41
1227 1407 1399 1491 ἐλήιζόν

229 1564 233 1572 ·
285 1551 319 1591 τε
346 1529 405 1608 τὴν
429 1533 639 1610 Λακωνικήν.
688 1524 857 1612 Utrobique
888 1527 1042 1616 ἐλῄζοντο
1067 1521 1215 1608 corrigere
1242 1518 1400 1604 occupavit

285 1635 380 1702 Cobet
401 1637 440 1702 ad
462 1638 648 1726 Hyperidem
670 1663 699 1726 p.
725 1642 779 1707 49.

329 1749 401 1836 Cap.
427 1755 478 1820 87.
504 1755 657 1843 διακωχή.
682 1755 728 1820 De
752 1776 821 1820 vera
843 1755 991 1841 scriptura
1015 1752 1083 1819 vide
1104 1774 1180 1839 quae
1204 1749 1400 1835 disputarunt

284 1865 473 1932 Valckenaer
495 1867 533 1932 ad
556 1869 754 1935 Ammonium
770 1893 834 1957 cap.
852 1869 888 1950 V,
913 1868 1041 1933 Piersou
1064 1867 1101 1933 ad
1117 1864 1287 1931 Moeridem
1308 1885 1338 1949 p.
1356 1863 1398 1928 86

283 1987 314 2046 et
331 1985 409 2062 220,
433 1981 469 2048 L.
486 1982 618 2049 Dindorf
630 1983 663 2048 in
676 1984 862 2051 ThesauroI
886 1988 905 2050 2
928 2007 959 2070 p.
983 1986 1048 2051 428
1071 1977 1104 2047 et
1126 1979 1225 2046 Cobet
1246 1977 1399 2043 Mnemos·

283 2095 400 2164 V188
432 2119 514 2182 sqq„
547 2097 578 2161 X
608 2121 638 2184 p.
664 2101 704 2165 76
729 2104 759 2164 et
783 2101 824 2167 88
848 2120 913 2185 sqq.
960 2096 1109 2183 Corrupto
1139 2094 1230 2160 lectio
1253 2091 1399 2178 imposuit

283 2208 436 2298 Hesychio
460 2211 481 2276 i.
497 2232 526 2278 v.
550 2219 820 2300 κωηεύονσιν·
851 2216 975 2301 ὀχοῦσι,
1005 2213 1241 2299 μετεωρίζοοσι.
1289 2217 1398 2292 Σοφο-

283 2325 359 2409 κλῆς
391 2334 561 2412 Καμικοῖς·
596 2331 705 2395 πιστοί
735 2357 781 2414 με
813 2335 1074 2417 κωχινονσιν
1106 2330 1140 2395 ἐν
1173 2335 1256 2414 φορᾷ
1284 2324 1395 2409 δέμας·

283 2438 363 2503 Nam
394 2440 556 2527 Sophocles
587 2443 693 2528 procul
720 2443 813 2510 dubio
836 2443 962 2509 dederat
983 2442 1016 2530 μ’
1041 2446 1336 2529 ὀκωχεύοοσιν,
1361 2442 1397 2501 ut

282 2551 359 2618 bene
381 2554 536 2621 intellexit
559 2555 599 2623 G.
622 2557 758 2624 Diodori
778 2559 809 2623 in
832 2558 877 2624 ed.
903 2559 932 2620 V
955 2563 1036 2644 poet.
1061 2577 1140 2622 soen.
1166 2553 1220 2621 Gr.
1240 2576 1271 2640 p.
1292 2555 1396 2619 1372.

280 2784 325 2849 vit
364 2786 425 2850 Dio
447 2785 481 2850 C.
504 2787 647 2854 XXXVI
670 2790 713 2855 20
735 2790 753 2872 d
776 2792 807 2855 4.

324 2898 397 2986 Cap.
421 2901 471 2966 23.
507 2905 807 2990 ἐξετρύχωσαν.
854 2901 908 2965 ΙΠ
930 2903 973 2968 48
1006 2902 1066 2984 §2
1099 2902 1394 2986 ἐκτροχώσειν.

281 3013 326 3076 De
349 3014 397 3078 his
421 3014 495 3079 loeis
518 3016 703 3081 mentionem
728 3038 790 3082 non
812 3015 885 3082 facit
903 3014 1001 3081 Cobet
1020 3014 1136 3080 Muem.
1156 3013 1185 3074 V
1205 3035 1235 3098 p.
1253 3013 1317 3078 101
1335 3033 1395 3097 sq,

279 3127 332 3193 ubi
365 3129 523 3195 contendit
555 3130 601 3194 IV
632 3134 675 3198 60
704 3137 735 3196 et
761 3131 826 3196 VH
850 3134 892 3199 28
917 3128 1142 3196 rescribendum
1164 3149 1230 3192 esse
1256 3153 1395 3212 τετρα-

277 3244 430 3328 μένονς
461 3250 492 3308 et
521 3248 777 3333 τετρυμένοι
808 3269 862 3333 pro
893 3247 1243 3334 τετρωχωμένοος
1276 3246 1306 3306 ot
1336 3267 1393 3308 τι·

278 3361 550 3446 τρνχωμένοι.
607 3359 652 3424 Ut
685 3369 799 3426 taceam
830 3360 980 3448 praesidio
1012 3381 1075 3424 esse
1108 3358 1157 3422 his
1190 3355 1295 3422 formis
1324 3354 1392 3420 illas

278 3494 376 3557 neque
405 3471 468 3536 ullo
497 3472 564 3537 loco
598 3473 793 3562 Thucydideo
822 3474 936 3539 variare
967 3472 1078 3552 libros,
1110 3493 1172 3536 uon
1201 3491 1306 3555 parum
1345 3490 1392 3532 me

276 3593 379 3651 movet
401 3607 585 3666 umentem,
609 3592 638 3656 εἷ’
656 3617 701 3676 τῳ
721 3595 832 3668 ἱκανὸς
847 3595 1078 3677 τεκμηριῶσαι,
1096 3585 1321 3665 testimonium,
1338 3585 1391 3669 qui

276 3699 308 3764 iu
331 3701 481 3785 praeclara
505 3701 601 3787 elegia
627 3702 708 3789 apud
731 3702 893 3768 Stobaeum
916 3702 1056 3768 XCVIII
1081 3705 1121 3769 13
1145 3724 1189 3768 vs.
1214 3704 1254 3768 ll
1279 3723 1323 3786 sq.
1349 3700 1392 3765 sio

319 3930 425 3997 πολλοὶ
457 3937 517 4017 γὰρ
549 3936 583 4001 ἐν
615 3942 709 4019 θυμῷ
741 3939 826 4001 κακοὶ
857 3937 1016 4018 γίγνεται·
1047 3934 1165 4002 ἄλλοτε
1188 3931 1274 4012 οἶκος

320 4054 572 4131 τραηοῦται,
601 4051 716 4135 πενίης
740 4047 770 4115 δ’
791 4048 857 4135 ἕρμ’
882 4050 1026 4136 ὀδυνηρά
1051 4048 1151 4116 πέλει.
1278 4039 1279 4044 ¹

318 4157 448 4224 Minoris
475 4168 522 4224 est
549 4183 605 4226 nec
634 4167 736 4227 tamen
759 4161 874 4227 nullius
897 4161 930 4227 in
955 4161 1010 4226 hac
1036 4161 1214 4247 quaestione
1242 4160 1388 4226 momenti

274 4270 442 4337 observatio
466 4273 548 4359 apud
578 4273 751 4341 Cassionem
776 4276 922 4355 Dionem,
947 4276 999 4363 qui
1025 4277 1216 4342 vehementer
1240 4277 1316 4342 solet
1338 4275 1388 4340 de·

232 4446 233 4450 ,
273 4386 377 4453 leotari
406 4389 511 4454 formis
533 4391 660 4456 vetustis
684 4414 721 4456 ex
744 4392 919 4457 Atticorum
943 4391 1117 4477 praesertim
1141 4389 1324 4477 Thucydidis
1349 4389 1387 4454 li·

142 4507 147 4518 '
275 4501 336 4568 bris
359 4505 554 4590 conquisitis,
578 4505 703 4592 reperiri
725 4508 957 4596 τετρωχωμὲνοι
980 4505 1121 4572 XXXVI
1146 4506 1188 4573 23
1210 4506 1275 4589 dd.
1299 4503 1385 4570 Idem

327 2670 398 2758 Cap.
427 2672 479 2738 90.
505 2675 746 2760 ἀντιπολέμιοι.
785 2673 894 2739 Veram
917 2674 1042 2738 formam
1065 2670 1276 2755 ἅντιπόλιμοι
1299 2689 1398 2732 serva·

1566 3283 1567 3330 ι
