3166 5230
705 407 770 482 uu

186 596 278 662 mioos
309 617 412 660 omnes
441 595 562 660 nomina
590 596 710 681 propria
733 595 899 681 composita
931 618 1000 661 cum
1032 598 1139 674 ιιλέος,
1172 603 1300 684 excepto

184 733 246 776 uno
265 711 430 799 Ἡρακλῆς
451 710 539 796 [haec
562 711 626 775 sola
641 710 736 775 forma
751 711 899 798 reperitur
915 711 996 796 apud
1014 711 1157 789 comicos,
1174 718 1300 798 utraque

184 825 262 912 apud
289 825 433 912 tragicos]
463 825 565 890 omnia
592 831 766 891 constanter
788 826 993 892 terminantur
1014 826 1047 890 in
1075 826 1186 914 ιιλλης,
1216 827 1300 892 uelut

183 942 379 1032 Περικλέης,
406 941 600 1028 Φιλοκλέης,
631 942 873 1028 Θεμιστοκλέης.
918 935 1080 1021 Quocirca,
1104 940 1160 1005 etsi
1178 940 1211 1006 in
1234 941 1299 1006 eiua

185 1053 271 1120 codd.
303 1076 363 1128 non
395 1060 443 1118 est
475 1054 565 1120 hodie
595 1055 685 1121 huius
712 1047 882 1140 'scripturae
912 1055 1007 1119 ullum
1037 1055 1213 1140 vestigium,
1237 1077 1299 1120 non

183 1170 272 1260 aliter
290 1169 362 1234 olim
382 1169 535 1254 scripsisse
555 1169 761 1255 Thucydidem
780 1168 936 1255 probabile
952 1192 1016 1234 esse
1031 1168 1172 1236 arbitror.
1197 1169 1299 1251 Quam

184 1285 223 1349 sit
246 1285 278 1350 in
301 1283 412 1350 talibus
432 1283 564 1350 sublesta
586 1283 732 1350 librorum
753 1284 842 1362 fides,
867 1307 935 1350 eum
954 1285 1075 1351 aliunde
1094 1291 1217 1370 apparet
1233 1291 1299 1351 tum

73 1433 77 1440 -
99 1395 141 1480 'J
174 1397 254 1491 =iude
276 1396 358 1482 quod
381 1396 532 1480 genuinae
556 1395 702 1482 quaedam
726 1397 938 1464 vocabulorum
959 1400 1073 1464 formae
1090 1399 1154 1464 sine
1171 1399 1299 1485 vestigio

155 1513 344 1602 ‚puerunt
388 1513 428 1577 In
453 1531 489 1576 eo
511 1534 636 1578 numero
659 1519 704 1576 est
726 1514 849 1580 uerbum
874 1515 1011 1579 Atticum
1035 1521 1156 1602 ῥόφειν,
1182 1513 1214 1578 in
1238 1535 1299 1598 quo

158 1613 160 1617 ¹
182 1628 354 1714 sequiorum
367 1626 552 1693 consuetudo
563 1628 608 1692 ita
619 1627 759 1706 invaluit,
774 1635 808 1693 ut
821 1628 910 1694 hodie
923 1628 1035 1712 ubique
1046 1627 1164 1712 legatur
1178 1634 1298 1717 ῥοφεῖν,

182 1742 255 1822 etsi,
278 1743 357 1829 quod
382 1743 493 1810 diserto
519 1743 660 1808 docemur
686 1742 724 1809 ab
750 1743 912 1808 Eustathio
940 1742 978 1807 ad
1002 1742 1061 1809 Od.
1077 1747 1098 1832 p
1116 1745 1145 1822 7,
1178 1743 1299 1821 Αἴλιος

183 1860 219 1926 δὲ
244 1863 414 1936 Διονύσιος
438 1855 490 1938 (de
514 1841 600 1923 ouius
624 1855 812 1940 grammatici
835 1856 950 1922 meritis
972 1855 1040 1920 vide
1064 1877 1138 1941 quae
1160 1855 1300 1940 disputa·

110 2001 112 2009 ι
182 1978 257 2037 runt
284 1970 383 2038 Cobet
413 1971 446 2035 in
472 1970 685 2057 Mnemosyncs
707 1971 738 2036 X
763 1972 805 2039 50
827 1993 890 2056 sqq.
917 1978 947 2036 et
977 1971 1084 2037 Nabar
1105 1970 1138 2036 iu
1161 1970 1299 2057 prolego-

183 2084 280 2151 menis
303 2084 342 2150 ad
367 2083 472 2150 Photii
494 2082 612 2149 lexicon
636 2107 665 2170 p.
692 2088 734 2150 24
757 2087 835 2171 sqq.)
864 2092 1012 2173 ῥόφιιν
1039 2091 1114 2173 φηολ
1144 2086 1297 2168 λέγεσθαι

182 2207 226 2278 ὥς
258 2209 434 2288 γράφειν
463 2207 517 2268 aul
545 2206 756 2288 ῥόφονοιν
789 2204 831 2278 uir
860 2208 1107 2287 νράφονοιν.
1153 2196 1299 2262 Similiter

182 2337 221 2379 ex
244 2314 350 2380 eodem
370 2314 495 2379 forsitan
516 2313 601 2377 fonte
619 2312 720 2397 Etym.
744 2312 807 2380 M:
832 2319 930 2400 ῥοφῶ.
958 2320 989 2382 οἱ
1013 2312 1165 2383 Ἀττικοὶ
1191 2319 1299 2400 ῥόφιο

183 2431 313 2517 λέχονσι
339 2433 537 2518 (lupercam.
587 2423 673 2505 Quae
700 2446 769 2490 rero
795 2423 907 2490 ibidem
935 2425 1090 2491 adduntur
1116 2424 1299 2490 documento

183 2543 261 2622 sint,
293 2541 367 2628 quid
394 2546 569 2606 serenatos
594 2539 934 2634 Graecorumlposteros
957 2538 1102 2619 moverit,
1127 2547 1161 2604 ut
1188 2547 1298 2627 ῥοφῶ

183 2654 348 2722 seriberent
371 2661 403 2720 ot
427 2665 572 2744 ῥοφᾰν.
620 2652 754 2718 Additur
781 2653 878 2718 enim:
905 2657 962 2742 οὐχ
985 2661 1130 2737 ὑγιῶς·ό
1152 2663 1212 2742 νὰρ
1227 2657 1300 2740 μέλ-

183 2773 247 2839 λων
276 2777 445 2860 ῥοφῆσαι.
494 2768 589 2850 Quasi
616 2790 684 2832 vero
710 2770 866 2854 μελλήσω,
892 2776 945 2834 aut
969 2771 1118 2859 βαλλήσιο
1140 2775 1195 2833 aut
1221 2797 1301 2836 τοπ-

182 2895 266 2970 aqua
293 2892 346 2951 aut
376 2889 478 2970 ὀζήοοο
515 2885 683 2949 formentur
708 2906 725 2948 a
750 2885 855 2968 μελλώ
883 2892 936 2949 aut
962 2886 1073 2972 βαλλῶ
1102 2891 1157 2949 aut
1188 2890 1299 2952 τνπτῶ

182 3008 237 3066 aut
259 3004 333 3081 ὀζῶ.
378 3000 460 3092 Hine
485 2999 683 3085 Aristophani
708 2998 798 3085 Vesp.
826 3003 905 3078 812,
933 3002 995 3067 906
1021 3006 1052 3063 et
1080 3001 1143 3065 982
1171 2976 1300 3083 quhuto-

183 3139 256 3202 oyus
277 3115 424 3181 reddatur
446 3121 556 3204 ῥόφειν
581 3122 611 3178 et
631 3122 730 3202 ῥόφοι,
755 3113 955 3199 similiterque
970 3114 1161 3199 corrigantur
1175 3112 1234 3177 loci
1251 3112 1299 3178 hi:

183 3228 291 3294 Aesoh.
317 3228 405 3294 llum.
428 3229 492 3294 254
517 3233 548 3291 et
571 3227 662 3311 Soph.
689 3227 795 3293 Trach.
821 3229 917 3294 1057.

227 3341 303 3427 (lap.
335 3345 409 3410 103.
441 3346 539 3432 ἔχθος
570 3348 601 3406 et
632 3346 736 3430 ἔχθρα
766 3342 933 3427 promiscue
954 3341 1010 3406 uh.
1035 3347 1172 3425 usurpat.
1217 3339 1301 3405 Illud

182 3463 301 3542 praeter
328 3457 357 3522 h.
375 3457 394 3524 l.
419 3457 530 3542 legitur
552 3457 570 3522 1
593 3457 653 3536 33,
678 3456 734 3535 95,
759 3456 795 3521 II
820 3460 878 3536 11,
903 3457 1213 3537 111101,V161:
1244 3457 1301 3522 hoc

182 3574 218 3639 ΙΙ
243 3575 284 3640 68
307 3572 368 3653 bia,
396 3573 447 3638 IV
471 3575 528 3651 20,
554 3573 611 3651 24,
640 3571 671 3638 V
696 3572 753 3651 95,
776 3572 863 3638 VIII
890 3573 931 3640 85
956 3571 1003 3637 bis
1026 3577 1057 3636 et
1080 3573 1155 3638 108.

227 3685 299 3773 Gap.
326 3689 389 3755 108
414 3688 847 3774 δινδροτομρσοιντες.
889 3686 935 3751 De
959 3686 1118 3752 caedendis
1142 3685 1300 3752 arboribus

183 3800 375 3890 Thucydides
390 3807 422 3866 et
437 3799 622 3884 antiquiores
643 3805 775 3865 utuntur
795 3799 884 3866 verbo
904 3810 1046 3880 κόπτειν,
1066 3799 1219 3886 sequiorer
1239 3800 1301 3865 fere

184 3921 324 4004 τέμνειν.
377 3915 461 3980 Hinc
489 3913 552 3980 illis
583 3913 683 3978 tribuo
710 3913 836 3979 formam
864 3917 1194 4003 δινδροιιοπιῒν,
1226 3937 1301 4000 quae

183 4032 265 4098 salua
286 4030 381 4097 erasit
403 4029 484 4115 apud
507 4030 743 4115 Xenophontem
766 4030 861 4097 Mem.
883 4031 920 4096 Π
944 4032 962 4096 1
987 4033 1004 4116 q
1027 4031 1069 4097 13
1092 4036 1124 4095 et
1145 4030 1226 4116 apud
1240 4030 1301 4095 De·

184 4147 374 4211 mosthenem
397 4151 425 4231 p!
450 4146 513 4212 256
537 4145 572 4209 in
591 4145 828 4230 Byzantinorum
849 4146 1071 4232 praephimate‚
1092 4146 1173 4231 quod
1194 4145 1301 4230 genui·

184 4284 259 4326 num
281 4283 347 4326 ease
372 4260 589 4325 demonstrarit
613 4258 708 4324 Cobet
731 4260 847 4328 Mnem.
869 4261 918 4326 XI
940 4283 971 4346 p.
997 4263 1060 4327 195
1085 4283 1148 4345 sqq.
1188 4259 1302 4324 Eadem

185 4378 256 4442 olim
288 4399 361 4442 usus
392 4376 512 4442 videtur
542 4377 763 4462 Aristophanes
793 4375 866 4442 Pac.
898 4379 972 4454 747,
1000 4374 1054 4440 ubi
1077 4374 1166 4440 hodie
1188 4373 1301 4458 legitur

186 4493 555 4579 κάδενδροτόμησε
583 4497 619 4560 τὸ
645 4500 757 4560 νῶτον.
794 4488 841 4556 Oi.
865 4499 1156 4574 ιιιιιοιιοπῆσοιι
1180 4494 1216 4556 τὸ
1238 4493 1300 4558 νῶ-
