3190 5232
784 449 826 516 10

249 645 428 722 στήσαντας
452 636 557 702 addita
577 638 848 725 interpretatione:
872 660 936 716 voa,
961 639 991 704 si
1012 658 1070 704 uos
1099 634 1367 724 repudiaverilia,

249 752 329 817 Nam
352 754 477 819 verbum
500 763 697 840 μεθιστάναι
719 777 753 819 σο
777 777 867 819 sensu
886 754 1001 819 Graece
1021 753 1146 818 omniuo
1165 775 1226 817 non
1244 751 1367 816 dicitur.

248 867 363 932 Melius
385 877 464 934 certe
487 869 609 934 haberet
631 881 920 958 μεταστησάμενοι,
946 870 998 934 sed
1018 893 1056 934 ne
1076 869 1133 934 hoc
1150 867 1272 953 quidem
1296 867 1368 930 ferri

248 990 362 1067 posset.
410 982 494 1064 Quid
519 986 670 1051 sententia
692 986 841 1070 postulet,
870 985 976 1049 docere
999 990 1100 1071 potest
1125 985 1142 1068 d
1167 986 1187 1049 3
1211 1005 1279 1067 cap.
1307 983 1367 1058 33,

249 1119 355 1181 nempe
371 1099 445 1164 hoc:
470 1099 596 1178 idonei,
619 1100 678 1189 qui
698 1100 851 1166 societate
871 1119 937 1166 uon
960 1099 1086 1166 iunctos
1107 1099 1253 1165 tuedout.
1286 1097 1370 1161 Hinc

249 1212 412 1297 legendum
446 1216 599 1300 suspicor:
636 1224 743 1286 ἱκανοὶ
774 1223 848 1306 τοδε
874 1225 916 1302 μή
948 1221 1190 1295 ξοστάντας
1224 1216 1366 1302 βλάψαι.

249 1326 294 1393 Cf.
321 1329 338 1392 I
363 1332 380 1394 1
406 1337 437 1394 et
463 1332 514 1396 15.
539 1341 560 1408 †
606 1332 643 1396 In
667 1330 767 1396 verbis
791 1332 975 1418 praegressis
999 1354 1142 1416 expungo
1166 1331 1259 1415 ἦσαν,
1288 1325 1370 1413 quod

254 1441 366 1506 sciolus
391 1444 467 1508 male
490 1445 652 1530 supplevit,
672 1468 767 1530 quum
790 1467 851 1510 non
879 1445 936 1509 hoc
957 1450 1096 1529 tempus,
1127 1443 1178 1508 scd
1201 1448 1297 1522 εἰσίν,
1325 1463 1372 1506 σο·

254 1557 380 1639 gitando
403 1557 606 1645 supplendum
630 1561 681 1626 sit.

299 1669 368 1759 Cap.
396 1675 436 1738 37
458 1682 534 1738 extr.
555 1674 636 1760 lege,
661 1675 774 1738 inserta
796 1672 944 1758 particula
968 1671 1185 1736 conditionali:
1212 1676 1319 1738 καίτοι
1346 1675 1374 1737 εἰ

254 1784 334 1868 ἦσαν
358 1791 474 1874 ἄνδρες
497 1781 636 1872 ἀγαθοί,
655 1795 718 1876 ὅσῳ
741 1789 811 1872 (ἂν)
831 1791 1044 1875 ἀληπτότεροι
1064 1787 1145 1874 ἦσαν
1164 1797 1232 1864 τοῖς
1253 1788 1370 1863 πέλας,

254 1904 373 1987 τοσῷδε
396 1908 622 1990 φανερωτέραν
645 1909 721 1990 ἐξῆν
744 1909 855 1980 αεέτοῖε,Ι
879 1911 937 1988 τήν
962 1911 1079 1989 α’ρετήν
1102 1904 1281 1971 δεικνύναι.

298 2015 370 2100 Cap.
397 2019 438 2082 39
461 2019 478 2102 δ
503 2020 532 2084 3.
557 2023 611 2097 οὓς
636 2030 725 2108 χρῆν,
754 2025 807 2087 ὅτε
830 2020 1153 2101 ἀσφαλέσταται
1182 2018 1275 2103 ἦσαν,
1302 2022 1372 2082 τότε

254 2135 432 2218 προσιέναι.
477 2133 553 2198 Loci
582 2134 658 2198 ratio
691 2133 846 2219 postulare
878 2133 1002 2197 videtur
1025 2140 1078 2196 aut
1101 2133 1274 2213 ἀσφαλεῖς,
1302 2134 1371 2206 aut,

253 2247 334 2329 quod
359 2247 528 2334 Thucydidi
544 2248 733 2313 reddendum
749 2249 893 2333 suspicor,
919 2249 1246 2332 ἀσφαλέστεροι,
1272 2244 1374 2330 εοὶ1.ἤ

253 2370 320 2429 νῦν.
370 2359 454 2427 Nota
484 2371 532 2460 est
553 2363 695 2450 frequens
719 2363 826 2428 harum
850 2363 1103 2428 terminatiouum
1130 2360 1161 2425 iu
1187 2358 1276 2424 MSS.
1301 2380 1374 2423 cou-

253 2473 341 2541 fusio

296 2591 401 2676 †Cap.
427 2597 470 2660 40
492 2597 509 2680 ᾧ
533 2598 562 2660 2.
597 2603 651 2663 καλ
675 2600 762 2672 ὅστις
785 2603 826 2680 μή
848 2605 915 2670 τοῖς
936 2595 1139 2678 δεξαμένοις,
1167 2596 1203 2656 εἷ
1226 2559 1375 2672 σωφρο-

253 2716 393 2786 νοῦσι,
421 2710 559 2795 πόλεμον
585 2709 659 2779 ἀντ’
687 2719 813 2797 εἰρήνης
842 2719 981 2793 ποιήσει.
1030 2706 1068 2770 In
1100 2704 1247 2770 hocloco
1279 2701 1373 2786 expli·

253 2819 348 2884 cando
372 2821 482 2885 frustra
506 2823 657 2888 desudant
681 2825 739 2888 viri
762 2823 855 2888 docti.
887 2823 954 2908 Ego
977 2820 1146 2906 Thucydidi
1171 2817 1372 2883 reddiderim:

253 2942 307 3001 καὶ
331 2940 417 3013 ὅστις
440 2945 482 3022 μή
507 2949 573 3017 τοῖς
598 2941 786 3023 δεξαμένοις
812 2946 872 3007 ἐπὶ
898 2946 1135 3024 σωφρονοῦσι
1163 2936 1304 3019 πόλεμον
1331 2970 1372 2980 -

253 3058 393 3133 ποιήσει,
424 3050 443 3115 i.
469 3074 494 3117 e.
527 3052 686 3120 aduersus
708 3054 870 3141 populum
898 3053 1105 3119 moderatum
1130 3049 1246 3133 (quales
1270 3069 1374 3112 sumus

252 3163 425 3248 Corinthii).
473 3169 521 3230 Ad
552 3175 604 3235 ἐπὶ
629 3193 654 3235 c.
685 3171 755 3234 Dat.
789 3169 845 3232 hoc
875 3190 965 3232 sensu
997 3169 1174 3250 usurpatum
1210 3163 1248 3228 cf.
1284 3162 1301 3226 I
1330 3164 1373 3228 40

254 3284 329 3342 extr.
356 3283 519 3366 route,
547 3279 1222 3368 124p3,11163§2,V179§1.†
1261 3277 1373 3341 Utrum

253 3392 410 3480 Corcyraei
430 3398 634 3463 Athenienses
658 3400 739 3465 bello
762 3400 952 3484 implicarent
975 3419 1087 3474 necne,
1111 3395 1190 3460 nihil
1213 3394 1251 3457 ad
1267 3392 1374 3456 Corin·

256 3510 355 3586 thios‚
386 3513 476 3577 modo
507 3514 568 3577 isto
592 3515 671 3578 bello
695 3537 755 3578 non
780 3519 955 3598 peterentur
978 3511 1046 3596 ipsi.
1096 3509 1180 3574 Hinc
1206 3507 1300 3571 etiam
1323 3506 1373 3569 ad·

257 3624 350 3689 duut:
375 3631 411 3694 οὐ
435 3635 496 3714 γὰρ
520 3631 625 3696 τοῖσδε
649 3637 748 3713 μόνον
774 3635 940 3713 ε’ντίκοοροι
962 3633 1006 3694 διν
1032 3628 1184 3709 γένοισθε
1209 3622 1294 3689 ἀλλὰ
1319 3627 1373 3688 καὶ

143 3815 149 3826 ,
258 3748 334 3824 ἡμῖν
358 3741 431 3808 ἀντ’
455 3745 640 3810 ἐνσπόνδων
665 3745 825 3828 πολέμιοι.

303 3852 376 3938 Cap.
402 3859 444 3920 42
468 3858 485 3942 δ
510 3861 539 3923 l.
564 3862 709 3945 ξύμφορα
733 3861 767 3926 δέ
794 3861 836 3944 [εἰ
857 3864 1040 3949 πολεμήσει]
1064 3862 1151 3928 ἄλλα
1171 3850 1268 3921 εἶναι.
1314 3851 1376 3914 De·

258 3968 357 4032 leatur
387 3976 476 4054 turpe
510 3973 833 4056 interpretamentum,
869 3977 950 4060 quod
981 3997 1019 4039 ue
1050 3997 1104 4059 per
1138 3970 1376 4036 Grammaticam

258 4083 379 4166 quidem
405 4091 484 4150 stare
511 4095 627 4171 potest,
653 4111 728 4173 quae
751 4091 918 4176 requireret
943 4090 1047 4153 saltem
1074 4095 1100 4154 εἰ
1128 4088 1330 4171 πολεμήσετε.
1438 4091 1445 4106 ’

303 4197 375 4284 Cup.
392 4203 444 4266 47.
469 4207 521 4268 ε’ττὶ
540 4206 574 4270 δέ
591 4215 630 4290 τῇ
645 4211 814 4292 Λεοκίμμῃ
831 4210 941 4283 αὐτοῖς
957 4205 1014 4290 [τῷ
1032 4204 1231 4290 ἀκρωτηρίῳ]
1247 4207 1265 4268 o‘
1282 4204 1377 4278 πεζὸς

260 4314 309 4399 ἦν.
341 4313 535 4381 Leucimmen
560 4322 802 4404 promontorium
830 4342 895 4384 esse
920 4320 993 4382 satis
1016 4324 1081 4382 erat
1097 4339 1219 4382 monere
1246 4339 1309 4401 cap.
1336 4317 1377 4382 30

258 4433 345 4511 init,
379 4441 409 4497 et
440 4443 520 4500 recte
551 4436 608 4500 hoc
637 4436 879 4501 additamentum
908 4435 1063 4499 omittitur
1086 4457 1149 4521 cap.
1177 4436 1220 4503 30
1243 4441 1321 4499 extr.
1347 4437 1378 4496 et

258 4570 321 4636 cap.
344 4553 405 4631 51,
430 4553 482 4616 sed
505 4555 617 4621 iterum
641 4555 825 4639 adscriptum
848 4561 895 4618 est
919 4549 973 4615 ΙΙΙ
997 4552 1038 4615 79
1062 4555 1137 4618 extr.
