3166 5230
804 402 866 468 106

293 586 586 674 εὐτελίσπερα.
635 587 711 668 Quis
743 589 823 654 enim
854 590 893 655 ab
921 590 1042 676 ineptae
1070 591 1258 676 tautologiae
1290 591 1415 666 crimine

295 698 437 766 defendat
470 701 548 766 bane
574 701 732 769 verborum
764 703 1027 771 coniunctionem:
1050 707 1346 795 εὐτελέστερα,
1370 745 1414 756 -

292 819 445 904 βραχεῖ
470 821 600 904 μορίῳ
624 828 696 904 τῆς
724 820 938 905 δαπάνηςί
972 818 1022 884 Ne
1046 819 1160 886 multa:
1187 820 1413 886 rescribendum

292 930 441 1016 suspicor:
468 933 800 1023 λυσιτελέστερα
827 937 860 1002 δὲ
885 936 971 1005 τάδ’
995 933 1107 1006 εἶναι
1132 943 1256 1004 ιιτὲ.-·
1279 935 1344 1022 §5-
1367 943 1413 1024 τῷ

293 1052 353 1131 γὰρ
382 1044 584 1136 Ἀλκιβιάδῃ
609 1085 652 1096 -
676 1058 829 1135 προσθείς
853 1057 971 1120 ἑαυτὸν
999 1052 1046 1137 [ἐς
1071 1054 1210 1138 πίστιν].
1257 1050 1320 1131 Qui
1341 1051 1415 1116 haec

293 1160 451 1245 adscripsit
484 1184 545 1226 non
569 1163 683 1248 optime
709 1165 877 1244 intellexit,
902 1165 977 1250 quid
1001 1165 1117 1232 Graece
1144 1165 1297 1251 significet
1319 1193 1415 1254 προσ·

292 1278 424 1346 τιθέναι
459 1283 576 1347 ἑαυτὸν
610 1308 685 1348 τινι.
732 1279 802 1345 Alio
836 1267 1047 1346 additamento
1075 1281 1149 1346 haee
1176 1281 1305 1347 formula
1332 1305 1415 1347 mac-

293 1509 508 1591 Τισσαφέρνει
539 1514 655 1578 ἑαυτὸν
686 1517 740 1577 καί
768 1518 840 1594 περὶ
872 1518 992 1581 τούτων
1022 1518 1078 1579 aar
1107 1518 1179 1600 περί
1212 1518 1277 1580 τῶν
1304 1513 1415 1580 ἄλλων

295 1620 537 1708 [κοινοῦσθαι],
574 1623 626 1688 ubi
658 1624 783 1690 verbum
817 1636 1008 1695 κοινοῦσθαι
1037 1649 1098 1692 non
1126 1626 1234 1693 dubito
1262 1627 1334 1712 quin
1361 1623 1416 1690 ad·

292 1735 437 1822 seriptum
461 1735 541 1802 site
569 1737 661 1803 simili
689 1739 756 1805 loco
783 1762 847 1826 cap.
866 1744 922 1808 82.
969 1741 1008 1806 In
1036 1741 1154 1806 duobus
1181 1748 1301 1806 tantum
1325 1741 1414 1808 codd.

293 1856 406 1930 exstat,
438 1852 519 1916 unde
547 1853 624 1918 male
647 1862 801 1940 receptum
826 1861 890 1934 est,
921 1854 1166 1941 improbantibus
1188 1855 1249 1920 iam
1277 1854 1414 1920 Arnoldo

292 1975 323 2033 et
351 1967 500 2036 Goellero.
536 2008 578 2019 -
605 1970 644 2035 In
670 1971 869 2056 sequentibus
897 1971 1021 2036 malim:
1048 1977 1083 2038 εἰι
1110 1973 1204 2058 (τοῦ)
1229 1977 1413 2058 περιόντος,

293 2083 408 2149 inserto
431 2083 570 2150 articulo.

339 2196 412 2285 Cap.
438 2201 479 2263 47
512 2201 580 2286 §L
611 2207 665 2267 καὶ
698 2200 772 2286 [τῷ]
802 2201 931 2288 βασιλεῖ
958 2199 1133 2264 Articulum
1160 2205 1240 2264 recte
1269 2198 1420 2263 omittunt

294 2312 380 2378 codd.
405 2313 480 2379 dett.
506 2314 622 2378 Locum
644 2337 706 2398 cap.
725 2315 802 2398 48§
826 2317 847 2378 4
872 2319 953 2379 recte
980 2312 1105 2398 corrigit
1127 2311 1264 2377 Debree:
1288 2321 1419 2380 στασιά-

292 2451 391 2498 σουσι·
414 2433 544 2520 βασιλεῖ
567 2431 611 2508 τ’,·
635 2452 689 2516 pro
713 2439 983 2499 στασιάσασι·
1009 2439 1060 2519 τῷ
1083 2430 1327 2518 τεβασιλεῖ,
1352 2427 1413 2492 nisi

292 2543 370 2608 forte
402 2545 501 2610 lenius
535 2545 746 2610 scribendum:
783 2556 1018 2614 στασιάσουσιν·
1059 2549 1123 2613 ἔτι
1159 2572 1200 2611 τε
1239 2545 1414 2632 βασιλεῖ

293 2667 355 2727 ari.
391 2699 431 2709 -
465 2662 536 2746 di.
570 2665 621 2728 du
653 2659 705 2728 ἐπ’
729 2661 900 2748 ὀλιγαρχία
929 2661 1082 2748 βούλεται
1114 2666 1169 2725 καί
1205 2660 1241 2726 οὐ
1267 2662 1408 2745 πονηρίᾳ

295 2773 381 2856 [οὐδὲ
407 2777 621 2864 δημοκρατίᾳ]
652 2791 688 2864 τῇ
716 2781 833 2844 ἑαυτὸν
863 2777 1040 2864 ἐκβαλοιίση
1071 2777 1243 2843 κατελθὼν
1268 2811 1312 2824 -
1334 2776 1411 2858 ξιιμ·

293 2890 485 2958 πολιτεύειν.
510 2890 619 2955 Deleto
641 2890 931 2975 interpretamento,
954 2890 1113 2974 aliquanto
1136 2890 1234 2955 acrius
1255 2897 1286 2954 et
1307 2889 1409 2954 animo

291 3000 457 3068 Alcibiadis
479 3004 697 3089 congruentius
720 3005 793 3070 haec
817 3004 898 3071 dicta
921 3012 1021 3070 erunt.

336 3117 410 3203 Gap.
434 3119 486 3186 54.
517 3128 669 3208 πράσσειν
696 3125 760 3208 ὅπη
788 3127 838 3212 ἂν
860 3128 969 3199 αὑτοῖς
999 3123 1159 3207 δοκοίη.
1208 3119 1340 3184 Remove
1361 3142 1410 3184 so·

291 3233 465 3299 loecismum
498 3234 656 3301 scribendo
695 3237 804 3322 δοιῇ.
852 3233 896 3300 Oi.
930 3233 976 3298 VI
1001 3238 1060 3314 26,
1085 3233 1167 3299 VIII
1191 3236 1250 3312 56,
1283 3237 1324 3300 67
1352 3239 1409 3300 etc.

292 3347 435 3414 Similiter
458 3371 520 3435 cap.
546 3352 587 3415 76
611 3371 704 3434 prope
727 3351 819 3413 finem
842 3348 981 3434 requiro:
1007 3354 1097 3436 σίπερ
1113 3356 1156 3418 ἂν
1173 3349 1410 3437 βοαλειίωσί

294 3465 360 3550 (pro
384 3466 650 3553 βαυλειίοιέν)
673 3493 704 3529 τι
731 3472 877 3552 χρηστόν.

335 3578 406 3664 Cap.
432 3580 484 3646 56.
508 3601 570 3644 non
594 3576 724 3642 debebat
746 3576 868 3661 Kriiger
891 3577 1028 3642 dubitare
1051 3578 1090 3642 de
1107 3575 1311 3663 expungendo
1327 3577 1411 3662 turpi

290 3695 562 3780 interpretamento
593 3702 613 3778 ἤ
643 3699 796 3778 πρότερον
820 3698 889 3776 post
917 3696 964 3761 ἔτι
989 3694 1125 3779 μᾶλλον.
1175 3692 1253 3757 Vide
1277 3689 1348 3755 adn.
1371 3691 1412 3755 ad

291 3809 308 3875 I
334 3812 376 3875 13
399 3813 416 3896 b
440 3813 468 3874 1.

335 3924 407 4009 (lap.
441 3925 483 3990 57
515 3919 593 3986 med.
627 3921 777 3995 δεδιὼς
800 3928 841 4004 μη
868 3959 906 3968 -—
932 3924 980 3988 ἔτι
1008 3923 1041 3988 δὲ
1070 3921 1247 4010 [ἐφοβεῖτο]
1272 3922 1412 4006 μάλιστα

291 4047 332 4124 μὴ
362 4046 427 4106 ιιτὲ.
470 4037 545 4102 Mox
569 4034 660 4100 verba
679 4036 783 4121 ὥσπερ
802 4070 838 4080 -
859 4036 1018 4121 ἀλλήλους
1034 4036 1067 4101 in
1082 4035 1256 4121 parenthesi
1272 4034 1412 4121 ponenda

293 4155 331 4218 ob
355 4154 517 4240 repetitum
545 4147 600 4221 cdo
626 4158 696 4237 port
718 4160 1018 4239 μεταπεμψάμενος.
1067 4149 1139 4214 Nisi
1166 4149 1243 4214 forte
1272 4171 1338 4214 eam
1361 4170 1413 4212 vo-

294 4270 392 4334 culam
414 4269 508 4334 deleri
533 4272 678 4352 praestat.

336 4384 408 4471 Cap.
433 4387 473 4450 61
499 4391 574 4449 extr.
607 4382 674 4466 lege
706 4388 880 4470 σχόντες
906 4401 960 4466 pro
987 4383 1126 4469 ἔχοντες.
1175 4377 1254 4444 Vide
1278 4377 1349 4442 adu.
1372 4376 1412 4442 ad

292 4499 399 4567 1115.
446 4497 563 4562 Eodem
588 4495 695 4561 mendo
718 4493 814 4558 libera
840 4494 938 4559 locum
963 4493 1008 4556 IV
1033 4493 1074 4559 25
1098 4494 1115 4576 b
1139 4495 1170 4556 4.
