3190 5232
817 464 858 533 30

273 655 323 721 λοι
347 657 436 732 ἅπαξ
460 655 636 738 θνησκουο’
660 663 846 744 ἄνθρωποι.
874 695 917 707 -
940 656 979 721 Iu
1006 680 1071 742 sqq.
1096 681 1158 724 uon
1183 665 1295 743 exputo
1321 659 1396 742 quid

273 769 314 832 sit
335 773 588 856 ἀποτρεπόμενοι
619 775 735 839 ἐκτῶν
764 773 939 852 κινδύνων,
966 772 1025 835 nisi
1043 774 1143 838 deleta
1159 776 1397 860 praepositione.

317 883 389 968 Gap.
415 887 457 948 42
482 887 496 966 b
525 887 553 949 1.
578 894 619 971 μὴ
648 892 719 970 περὶ
743 888 814 953 ἰ’σσυ
836 895 910 972 ἡμῖν
938 885 1022 954 εἶναι
1047 894 1104 956 τὸν
1130 894 1244 974 οἷγῶνα
1270 898 1324 956 καλ
1351 891 1398 969 οἷς

274 1001 374 1068 τῶνδε
405 1002 506 1085 μηδὲν
538 1005 673 1087 ὑπάρχει
708 1000 863 1084 [simion]-
911 1000 1016 1064 Invito
1053 1009 1173 1066 oratore
1207 1003 1316 1067 ultima
1341 1026 1399 1067 vox

273 1113 424 1198 adscripta
459 1113 597 1192 videtur,
630 1113 744 1199 quippe
764 1109 866 1197 'quem
894 1114 1024 1180 liberum
1049 1117 1137 1181 illum
1163 1118 1399 1183 Atheniensium

272 1228 386 1292 victum
408 1227 606 1313 liberalesque
633 1249 735 1292 eorum
761 1250 859 1292 mores
883 1251 916 1293 ac
940 1230 1042 1295 studia
1065 1251 1203 1316 prorsas
1219 1233 1317 1297 aliena
1333 1255 1398 1297 esse

272 1365 289 1406 a
316 1341 565 1407 Lacedaemoniis
590 1344 770 1420 contendere
794 1343 886 1429 longe
910 1345 950 1408 sit
978 1345 1176 1429 probabilius.
1205 1347 1318 1426 ‘Quare
1335 1371 1397 1413 non

273 1457 337 1522 siue
358 1480 446 1521 causa
468 1458 526 1522 hoc
542 1457 717 1522 adverbium
742 1458 935 1524 desideratur
958 1459 990 1524 iu
1015 1459 1102 1526 codd.
1123 1461 1263 1548 Dionysii
1279 1463 1350 1527 Hal.
1371 1487 1400 1548 p.

274 1577 327 1639 47.
362 1572 461 1638 Verba
494 1572 667 1659 sequentia:
697 1579 751 1639 καλ
786 1576 843 1640 οὐκ
877 1580 919 1642 ἂν
957 1577 1090 1652 πολλοῖς
1126 1582 1191 1644 τῶν
1229 1579 1397 1662 Ἑλλήνων

275 1693 438 1773 ἰσόρροπος
459 1690 563 1773 ὥσπερ
587 1687 688 1753 τῶνδε
713 1686 839 1767 ὁλόγος
865 1693 945 1755 τῶν
971 1691 1106 1773 ἔργον
1131 1695 1249 1778 φανείη
1274 1713 1401 1776 occupa-

276 1801 320 1863 vit
344 1801 493 1885 corrigere
516 1799 635 1864 Dobrse
663 1800 808 1884 rescripto
832 1813 876 1886 τῷ
903 1804 992 1889 ἔργῳ.
1015 1801 1061 1868 of.
1080 1803 1097 1866 I
1116 1806 1156 1870 96
1173 1808 1188 1889 t
1205 1808 1236 1870 b.
1261 1804 1402 1889 Kriigcro

276 1921 440 2003 ἰσόρροπος
467 1923 547 1979 recte
575 1937 643 1979 cum
667 1914 820 1980 Genetivo
845 1915 981 1980 construi
1006 1917 1146 1999 videtur,
1172 1920 1244 2005 quia
1262 1921 1327 1985 scil.
1347 1925 1402 1989 dc·

276 2037 425 2119 τλρηοποςΙ
457 2052 525 2093 cum
554 2029 615 2093 isto
646 2051 716 2094 casu
743 2029 900 2113 iungatur.
946 2029 1059 2095 Eodem
1089 2034 1156 2097 iure
1180 2035 1347 2099 contendas
1373 2057 1400 2102 v.

276 2171 301 2213 c.
338 2150 404 2225 ἰὀος
432 2151 512 2209 recte
542 2143 652 2209 habere
681 2167 783 2208 casum
811 2145 998 2224 secundum,
1025 2147 1108 2230 quod
1134 2169 1195 2212 non
1220 2149 1308 2213 aliter
1332 2171 1403 2213 con-

276 2268 414 2326 struatur
438 2263 604 2340 ἀντάξιοςλ
640 2260 660 2327 †
687 2258 802 2324 Locum
827 2259 1060 2325 venalissimum
1085 2262 1116 2326 in
1143 2270 1280 2328 extremo
1305 2265 1402 2348 capite

277 2375 388 2442 Dobrei
416 2375 559 2440 insistens
596 2374 733 2460 vestigiis
757 2375 802 2437 sic
826 2376 966 2440 emendo:
1000 2383 1053 2443 καλ
1080 2384 1114 2446 ἐν
1141 2379 1228 2465 αὐτῷ
1254 2387 1299 2465 τῷ
1322 2383 1402 2462 οέμιλ·

277 2504 393 2561 νεσθαι
419 2498 472 2558 καὶ
497 2492 528 2575 (r
538 2494 561 2574 ι)
587 2500 710 2557 παθεῖν
736 2490 768 2571 (i.
793 2511 818 2552 e.
845 2489 895 2556 vet
917 2491 1113 2577 occumbere)
1133 2495 1313 2562 κάλλιον
1333 2495 1401 2578 (pro

275 2609 438 2693 μᾶλλον
464 2627 533 2669 cum
558 2604 690 2689 Dobrso)
714 2613 908 2692 ἡγησάμενοι
936 2615 1002 2673 κτὲ.
1031 2615 1061 2681 †.

319 2720 391 2805 Cap.
423 2722 466 2785 43
497 2722 512 2803 b
538 2722 567 2784 l.
592 2720 663 2786 αλλ’
691 2719 738 2796 οἷς
765 2731 786 2804 η’
816 2724 999 2787 ἐναντία
1027 2724 1189 2808 μεταβολὴ
1214 2727 1248 2790 ἐν
1270 2731 1314 2807 τῷ
1346 2727 1403 2806 ζῆν

277 2839 324 2903 ἔτι
357 2837 594 2905 κινδυνεύεται.
621 2832 733 2897 Melius
757 2834 942 2916 intelligam:
969 2845 990 2920 η’
1012 2841 1042 2914 ἐς
1068 2841 1283 2906 τοίναντία
1310 2867 1403 2924 μεια-

276 2952 355 3040 βολὴ
384 2959 450 3017 κτὲ.
483 2949 568 3013 Extr.
596 2970 659 3032 cap.
691 2949 971 3036 οἷλγεινοτέρα-
995 2961 1015 3035 ή
1041 2951 1097 3034 [ἐν
1123 2953 1189 3038 τῷ]
1215 2960 1311 3038 μετὰ
1334 2963 1406 3023 τοῦ

278 3073 523 3156 μαλακισθῆναι
550 3074 686 3140 κάκωσις
715 3073 735 3149 η’
754 3069 772 3130 o‘
794 3070 873 3148 μετὰ
900 3070 1007 3152 ῥώμης
1033 3103 1072 3113 -
1098 3073 1287 3151 γιγνόμενος
1313 3072 1406 3135 α’ναί-

280 3195 400 3272 οθητος
433 3192 589 3260 θάνατος.
641 3179 824 3262 Expunxere
859 3179 915 3242 viri
938 3179 1019 3244 docti
1041 3188 1075 3250 ἐν
1100 3193 1158 3268 τῷ,
1191 3182 1275 3247 nulla
1302 3190 1404 3248 tamen

270 3281 400 3364 ¹reddita
429 3297 545 3362 ratione
570 3295 676 3382 quidni
706 3295 810 3380 potius
845 3296 1045 3381 expungenda
1069 3298 1129 3362 sint
1153 3297 1297 3363 vocabula
1323 3307 1403 3384 μετὰ

281 3427 350 3489 τοῖν
387 3413 505 3497 dequo
533 3410 661 3495 cogitari
684 3433 754 3474 saue
782 3411 891 3493 possit,
928 3411 997 3495 quis
1035 3412 1222 3500 Thucydidis
1247 3415 1404 3500 proprium

281 3517 328 3594 est
360 3526 574 3614 particularum
606 3525 751 3590 varietate
784 3525 897 3588 variare
923 3547 1101 3590 sermonem.
1129 3526 1249 3591 Videl
1279 3531 1296 3592 1
1323 3535 1404 3591 extr.

282 3646 576 3718 aceruatarum
600 3644 772 3727 πολέμους,
797 3646 869 3708 οὔτε
893 3647 932 3719 εἷς
957 3638 1077 3721 τᾶλλα,
1101 3641 1136 3706 ΙΙ
1157 3645 1174 3706 1
1200 3651 1272 3709 οὔτε
1298 3648 1405 3709 κατὰ

282 3771 342 3845 γῆν
366 3765 437 3827 οὔτε
462 3760 532 3824 διὰ
556 3757 722 3841 θαλάσσης
744 3757 796 3834 38,
822 3758 838 3840 d
859 3759 964 3822 1οὐτε
987 3762 1080 3842 πρὸς
1104 3762 1176 3835 τούς
1194 3758 1316 3835 ἄλλους
1333 3763 1406 3824 οὔτε

283 3881 321 3952 ἐς
342 3885 432 3962 ημᾶς,
458 3878 491 3936 et
513 3871 558 3935 its
582 3869 770 3954 saepissime.
796 3869 1005 3934 Nihilominus
1030 3877 1064 3940 ἐν
1085 3879 1130 3956 τῷ
1156 3871 1184 3935 h.
1211 3871 1231 3934 l.
1254 3878 1334 3935 recte
1357 3870 1407 3934 de·

283 3991 337 4055 leri
358 3986 512 4074 probabile
536 3995 583 4050 est
600 3991 722 4071 propter
744 3985 844 4050 locum
869 3985 886 4048 I
911 3988 929 4052 6
955 3988 969 4068 λ
993 3989 1026 4065 4,
1057 3985 1110 4049 ubi
1134 3985 1173 4050 ad
1192 3985 1282 4050 verba
1306 3992 1406 4070 μετὰ

284 4115 348 4174 τοῦ
366 4107 590 4189 γυμνάζεσθαι
612 4100 771 4165 scholiasta
792 4099 856 4165 cod.
883 4100 1055 4184 Augustani
1073 4100 1245 4163 annotavit:
1258 4104 1333 4167 οἷντὶ
1352 4108 1406 4165 τοῦ

285 4227 326 4288 ἐν
352 4229 404 4304 τῷ
429 4220 665 4302 γυμνάζεσθαι.

328 4333 401 4418 (lap.
426 4335 468 4397 44
492 4335 507 4415 t
533 4335 562 4396 1.
583 4333 639 4397 obn
661 4332 923 4417 ὀλοφύρομαι
941 4330 1065 4415 μᾶλλον
1081 4337 1102 4414 η’
1117 4337 1406 4415 παραμυθησομαι.

285 4448 439 4532 Quicquid
463 4447 571 4511 dicunt
586 4469 632 4511 vv.
651 4445 715 4523 dd,
732 4445 827 4510 Thus.
845 4443 966 4529 scripsit
991 4444 1060 4509 ο“λο
1071 4456 1262 4529 φυροῡμα
1274 4474 1297 4509 ι.
1323 4442 1408 4521 Quae

286 4562 535 4648 depravatissimo
558 4561 648 4626 verba
665 4566 833 4645 sequuntur
849 4560 893 4625 sic
908 4563 1015 4623 tento:
1036 4564 1090 4625 καὶ
1108 4557 1155 4634 οἷς
1173 4557 1241 4643 (ἂν)
1263 4559 1408 4626 ἐνιυδαι·
