3190 5232
817 461 858 528 86

321 647 393 733 Gap.
420 648 461 714 55
486 656 561 714 extr.
586 653 644 739 οὐχ
660 683 701 698 -
727 657 884 737 ἠπόρησεν
907 655 941 720 ἒν
965 645 992 739 ᾧ
1014 657 1051 720 οὐ
1075 659 1227 741 πρότερον
1252 656 1392 740 ξυνεχῶς

276 763 428 847 ώμιληκει
460 778 498 850 τῇ
528 768 618 852 α’ρχῇ,
666 765 734 829 Ι)οο
766 765 872 829 ultima
899 765 1053 850 voeabula
1082 766 1184 833 sintne
1219 768 1393 852 epexegesis

281 899 320 940 an
343 876 649 961 interpretamentum
672 879 803 963 ambigo.

321 990 393 1076 Cap.
420 994 461 1058 57
486 993 503 1076 ό
529 996 547 1058 2
572 1015 712 1078 expunge
736 994 881 1059 vocabule
903 997 1084 1074 όἸππίας.
1122 996 1254 1062 Fallitur
1270 997 1308 1061 ad
1325 997 1354 1062 h.
1372 997 1392 1062 l.

278 1107 409 1192 Kxiiger.

322 1230 341 1298 †
366 1221 437 1305 Gap.
463 1224 515 1288 58.
539 1228 591 1289 ἐπὶ
608 1228 681 1299 τούς
703 1225 849 1306 πομπίας
869 1224 956 1306 [τούς
972 1226 1134 1309 όπλίτας].
1162 1222 1394 1291 redditamen·

278 1343 345 1399 tum
367 1336 497 1419 petitum
522 1358 538 1399 e
561 1336 768 1420 sequentibus.
798 1337 897 1402 Verba
921 1321 1026 1402 ultima
1048 1346 1128 1420 μετὰ
1152 1345 1212 1424 γὰρ
1228 1375 1271 1386 -
1288 1349 1393 1408 ποιεῖν

278 1451 304 1513 si
327 1451 460 1536 genuina
484 1458 571 1526 sunt,
602 1452 639 1515 de
663 1473 721 1535 quo
745 1451 928 1529 subdubito,
961 1475 977 1516 e
1009 1453 1112 1518 oodiee
1136 1463 1173 1520 H
1201 1453 1315 1529 Paris,
1339 1476 1394 1538 pro

278 1576 394 1643 ποιεῖν,
419 1565 500 1649 quod
524 1588 577 1650 pro
601 1577 768 1635 ποιεῖσθαι
792 1565 942 1631 Graecum
967 1589 1027 1631 non
1045 1574 1108 1644 est,
1126 1567 1232 1653 utique
1251 1591 1395 1653 reponen-

279 1679 351 1744 dum
374 1683 526 1765 πέμπειν,
554 1680 633 1765 quod
661 1680 736 1744 alios
759 1681 819 1745 iam
844 1681 994 1746 monuisse
1022 1661 1241 1746 animadverto..

323 1792 395 1880 Cap.
420 1796 472 1860 59.
498 1795 536 1859 In
560 1795 796 1878 epigrammate:

413 1912 529 1997 α’νόρός
552 1915 798 1997 ἀριστεύσαντος
827 1917 861 1980 έν
885 1913 1016 1979 Ἐλλάδι
1038 1920 1103 1978 τῶν
1129 1911 1177 1993 ἐφ’
1193 1918 1309 1980 ἑαυτοῦ

414 2028 548 2094 Ἱππίου
572 2025 807 2114 Ἀρχεόίκην
840 2028 904 2110 fids
930 2027 1064 2093 κέκευθε
1089 2032 1177 2104 κόνις

282 2140 347 2205 eod.
373 2139 471 2204 Italus
503 2138 825 2228 1οίιοίἈρχεόίκης,
863 2161 938 2224 quae
970 2139 1062 2203 lectio
1093 2162 1162 2204 vera
1194 2147 1398 2227 sempeterni,

282 2252 372 2316 modo
397 2252 487 2316 simul
510 2251 661 2316 scribatur
687 2255 775 2338 τῇόε
800 2257 935 2322 κέκευθε
960 2262 1078 2332 κόνις.
1129 2254 1187 2318 Sed
1216 2256 1247 2319 in
1279 2256 1400 2340 vulgata

281 2367 414 2432 lectione
443 2365 521 2430 nihil
551 2373 598 2430 est
621 2366 702 2450 quod
735 2366 843 2430 merito
867 2368 915 2431 eui
940 2367 1104 2452 displiceat.
1151 2367 1189 2432 In
1213 2370 1398 2453 praegressis

282 2483 431 2567 legimus:
457 2483 638 2549 Ἱππόκλου
669 2491 746 2563 νοῦν
768 2491 823 2550 τοῦ
847 2491 1078 2571 Λαμψακηνοῦ
1099 2493 1262 2569 τυράννου
1294 2490 1399 2553 Αἶαν·

283 2599 356 2684 τίόη
391 2607 435 2682 τῷ
475 2599 569 2664 παιδί
603 2598 773 2683 θυγατέρα
805 2603 920 2666 ἑαυτοῦ
947 2604 1027 2682 μετὰ
1059 2607 1161 2666 ταῦτα
1198 2597 1399 2687 Ἀρχιδίκην

283 2712 470 2798 Ἀθηναῖος
503 2713 562 2796 [ὢν
596 2708 700 2774 abesse
732 2708 849 2794 malim]
881 2719 1100 2796 Λαμψακηνόν
1132 2714 1300 2779 ἔδωκεν.
1352 2715 1400 2774 An

284 2825 461 2906 έξίόωκενί
506 2824 622 2889 Dubito
657 2824 739 2889 enim
771 2846 810 2887 an
842 2823 966 2888 verbum
997 2823 1125 2908 simplex
1156 2845 1247 2888 sensu
1272 2825 1402 2891 locandi

282 2941 315 3004 in
338 2939 470 3024 pedestri
495 2938 668 3002 Atticorum
692 2959 831 3001 sermone
855 2935 976 3000 admitti
999 2937 1104 3020 possit.

327 3053 400 3139 Cap.
427 3057 468 3120 60
491 3055 507 3139 ό
532 3056 562 3118 1.
587 3059 618 3130 ἐς
642 3057 715 3131 τούς
743 3057 829 3137 περί
854 3059 919 3119 τῶν
942 3058 1106 3137 μυστικῶν
1130 3059 1188 3136 τὴν
1209 3055 1320 3119 αἰτίαν
1346 3052 1402 3116 λα-

284 3176 412 3258 βόντας.
460 3171 507 3231 An
531 3169 663 3253 genuina
685 3173 731 3231 est
751 3188 854 3251 praep.
881 3172 976 3249 mol?
1012 3165 1106 3229 Baete
1136 3187 1202 3249 eap.
1223 3168 1263 3231 61
1284 3167 1332 3247 §l
1361 3171 1401 3231 τό

283 3293 434 3369 μυστικά,
463 3273 509 3350 uis
538 3288 684 3360 ἐπαίτιος
711 3283 761 3367 ἦν.
797 3281 845 3345 Ad
873 3303 936 3366 eap.
957 3287 1032 3346 extr.
1051 3281 1120 3345 vide
1135 3280 1206 3344 adu.
1223 3279 1261 3344 ad
1278 3280 1331 3344 III
1349 3282 1401 3346 52.

324 3396 402 3484 Cap.
428 3398 468 3461 61
494 3398 510 3481 b
538 3401 564 3460 l.
586 3403 666 3480 μετὰ
690 3406 744 3463 τοῦ
775 3400 874 3462 αὐτοῦ
899 3396 997 3477 λόγου
1020 3395 1088 3478 [καί
1121 3403 1175 3478 τῆς
1202 3397 1402 3479 ξυνωμοσίας

286 3513 339 3577 ἐπί
363 3521 407 3596 τῷ
432 3511 544 3596 δήμῳ]
570 3507 881 3593 Interpretamentum
902 3507 1094 3571 manifestum
1119 3508 1241 3592 insuper
1264 3507 1404 3591 proditur

285 3624 360 3688 vitio
393 3624 572 3710 syntaetieO.
620 3623 736 3687 Deinde
767 3624 785 3687 l.
817 3625 871 3690 ὑπ’
897 3626 962 3706 (pro
991 3623 1061 3706 ἀπ’)
1094 3625 1230 3698 ἐκείνου,
1255 3660 1299 3670 -
1331 3623 1348 3704 ό
1373 3623 1402 3687 3.

285 3745 358 3818 τοός
387 3747 522 3824 ὁμήρους
550 3777 590 3786 -
616 3743 688 3816 τοιίς
715 3745 748 3806 έν
782 3746 853 3814 ταῖς
885 3747 992 3820 νήσοις
1023 3738 1237 3821 κειμένους.
1285 3735 1404 3830 Kriiger

287 3852 324 3918 ud
347 3852 376 3914 V
399 3855 439 3919 61
465 3857 578 3939 ὅμηροι
602 3849 682 3936 ἦσαν
707 3853 825 3919 αὐτόθι
850 3857 912 3918 ὑπὸ
936 3853 1206 3934 Λακεδαιμονίων
1231 3856 1401 3936 κείμενοι

286 3971 409 4048 propter
424 3965 453 4029 h.
468 3964 487 4029 l.
507 3963 583 4026 male
600 3963 715 4026 diffisus
733 3971 779 4026 est
799 3963 971 4028 verissimae
988 3987 1061 4029 suae
1077 3964 1266 4029 coniecturae
1290 3992 1404 4032 κατα·

288 4079 500 4163 κειμένους.
525 4077 648 4142 Etenim
673 4085 802 4161 utroque
818 4077 885 4141 loeo
908 4078 1138 4161 praepositionis
1162 4078 1403 4162 compendiolum

286 4192 378 4278 periit
401 4198 525 4277 propter
549 4199 724 4275 sequentem
749 4192 868 4255 literam
893 4202 944 4269 K,
970 4191 1050 4256 haud
1081 4192 1172 4257 aliter
1203 4215 1404 4278 quamsaepe

287 4331 315 4374 v.
340 4331 364 4374 c.
384 4332 400 4372 e
424 4317 604 4392 περιποιεῖν
623 4308 734 4371 factum
757 4314 805 4370 est
827 4318 944 4382 ποιεῖν,
975 4330 991 4369 e
1015 4310 1227 4392 περιπέμπειν
1245 4310 1401 4390 πέμπειν,

287 4422 407 4487 similia.
442 4420 593 4501 Quoniam
617 4427 720 4485 autem
744 4420 797 4483 Gr.
820 4428 867 4484 est
886 4425 1141 4498 κατατίθεσθαι,
1167 4442 1228 4484 non
1249 4426 1404 4488 τίθεσθαι

287 4543 435 4624 ὁμήρους,
460 4537 519 4601 nisi
543 4538 641 4614 fallor,
666 4546 899 4614 κατακεῖσθαι,
924 4555 984 4598 non
1010 4525 1237 4614 κεῖσθαι,’όπό
1254 4561 1341 4612 τινος
1359 4535 1403 4599 illi
