3166 5230
745 511 809 578 149

221 708 427 775 νοεῖσθαι.
463 702 578 768 (lobeto
594 702 631 768 ad
654 702 735 788 Hyp.
752 726 780 789 p.
799 705 840 769 70
856 702 1003 767 excidisse
1021 702 1139 767 videtur
1159 713 1337 772 ποιεῖσθαι.

220 821 263 885 At
286 819 324 883 of.
349 818 395 883 IV
419 820 460 884 32
484 826 543 902 τὴν
573 822 736 906 ἀπόβασιν
762 824 927 896 ἐπενόει,
959 817 1049 882 Vll
1074 828 1338 903 προυθυμηθη

219 942 278 1018 τὴν
301 936 460 1020 ξύμβασιν
483 938 514 995 et
537 931 622 997 VIII
647 934 689 998 90
712 939 771 1015 τὴν
795 932 970 1016 ὁμολογίαν
999 941 1335 1017 προυθυμοῦντο.

218 1047 265 1113 Ib.
291 1047 308 1131 d
332 1049 353 1112 4
376 1051 539 1134 κρείττους
563 1045 687 1110 taudem
711 1052 848 1110 mutetur
870 1045 903 1110 in
928 1052 1100 1133 κρείσσους.

216 1230 220 1242 Ι
262 1164 297 1229 Ρ.
322 1164 363 1228 53
388 1184 454 1246 sup.
501 1161 640 1225 Fortasse
663 1160 774 1225 sufficit
802 1159 899 1226 delere
923 1166 1123 1250 ἀκρωτηρίου
1145 1161 1192 1226 IV
1220 1165 1262 1228 24
1283 1165 1336 1250 §3

220 1285 252 1343 et
272 1281 472 1366 ἀκρωτήριον
496 1275 542 1341 VI
565 1277 617 1340 44.

263 1393 299 1458 Ρ.
323 1394 366 1459 54
389 1391 427 1456 ad
451 1392 503 1458 33.
541 1386 588 1456 cf:
612 1389 650 1454 ad
675 1391 740 1457 103
763 1393 844 1455 extr.
879 1388 956 1454 Vide
979 1395 1083 1455 tamen
1107 1390 1157 1454 IV
1181 1393 1223 1456 29
1246 1413 1339 1478 prope

218 1509 318 1574 finem.
802 1555 805 1562 ,

261 1620 295 1687 P.
320 1621 362 1688 55
386 1622 425 1686 ad
448 1625 490 1688 46
515 1623 532 1707 b
557 1625 586 1687 2.
633 1621 707 1686 Non
739 1620 901 1686 debueram
929 1627 1068 1705 suspecta
1092 1619 1202 1685 habere
1227 1620 1336 1687 verba:

216 1741 295 1806 ὥστε
308 1775 352 1786 -
364 1740 515 1814 σπονδάς.
540 1736 632 1802 Haud
654 1736 728 1802 satis
748 1735 941 1801 attendebam
960 1734 998 1800 ad
1015 1765 1074 1813 τις
1089 1775 1134 1784 —-
1149 1741 1280 1804 ἅπασι.
1294 1775 1338 1786 -

216 1852 359 1918 Ceterum
391 1835 498 1938 calami
525 1851 627 1938 lapsus
650 1851 785 1938 perdidit
810 1852 949 1917 ultimam
972 1858 1089 1937 partem
1119 1852 1337 1919 adnotationis,

216 1967 334 2052 Nempe
358 1988 413 2051 pro
437 1971 587 2046 ἔπεισαν,
621 1974 745 2054 propter
776 1969 877 2032 minus
908 1968 1097 2033 commodam
1122 1966 1250 2033 subiecti
1274 1991 1340 2034 mu·

216 2081 379 2160 tationem,
411 2103 476 2166 cap.
500 2084 542 2146 47
567 2084 582 2165 p
607 2085 624 2146 1
651 2081 810 2148 malebam:
834 2087 1111 2170 ἐπείσθησαν.
1163 2081 1213 2147 Sic
1236 2083 1335 2164 enim,

216 2203 249 2260 at
271 2217 353 2260 nuno
376 2195 526 2274 scribitur,
551 2203 709 2282 expectes:
744 2203 786 2276 ὥς
810 2194 838 2264 θ’
864 2200 996 2266 ἔπεισαν
1021 2203 1076 2264 καὶ
1101 2203 1265 2267 ἐκεῖνοι
1291 2239 1332 2248 -

216 2313 406 2400 ἐλήφθησαν
431 2319 496 2380 κτὲ.
543 2311 615 2377 Non
642 2319 742 2376 tamen
767 2311 877 2376 desunt
900 2311 960 2376 loci
982 2310 1060 2397 apud
1085 2311 1215 2396 optimos
1239 2313 1334 2400 scrip-

215 2433 309 2505 tores,
335 2447 395 2510 qua
419 2427 582 2492 lectionem
607 2428 761 2513 vulgatam
787 2427 907 2492 tuearis.
953 2425 1056 2506 Quare
1080 2426 1157 2491 nihil
1181 2433 1277 2494 muto.

260 2541 295 2606 P.
318 2542 360 2606 57
385 2540 422 2605 ad
444 2541 464 2607 f.
491 2542 532 2608 56
557 2547 631 2608 extr.
677 2541 756 2606 Vide
779 2549 880 2606 tamen
905 2540 935 2605 V
961 2542 1001 2608 35
1027 2542 1044 2625 5
1068 2543 1098 2608 2.

259 2655 334 2741 Peg.
359 2657 411 2735 57,
437 2659 488 2724 16.
533 2657 594 2722 Pro
617 2660 801 2744 κατέδησαν
828 2659 849 2724 l.
873 2659 1065 2741 καταόῆσαι.

260 2770 308 2836 Ib.
331 2771 365 2835 in
388 2778 460 2836 nota
476 2772 508 2836 in
528 2772 608 2838 calce
624 2772 753 2857 paginae
770 2771 837 2836 dele
853 2769 944 2837 verba
963 2773 1066 2854 „Male
1082 2811 1125 2824 --
1141 2772 1158 2836 I
1176 2775 1216 2840 90
1237 2773 1337 2838 extr.”

259 2885 295 2950 P.
319 2886 362 2952 58
386 2885 423 2950 ad
447 2887 490 2951 63
512 2885 579 2953 init.
624 2886 718 2952 'Pctus
741 2886 826 2951 locus
856 2886 991 2967 laborat3
1016 2910 1106 2972 quem
1130 2887 1200 2951 vide
1222 2909 1260 2952 an
1292 2887 1337 2952 sic

214 3000 304 3065 liceat
328 3002 491 3086 refingere:
517 3009 572 3070 καί
597 3012 655 3072 νῦν
680 3011 735 3072 τοῦ
759 3005 904 3086 ἀφανοῦς
922 3031 955 3070 τε
972 3009 1088 3070 τούτου
1113 3005 1167 3070 διὰ
1192 3007 1228 3069 τό
1244 3004 1337 3069 αἰτία-

191 3109 336 3201 ’μαρτον
361 3116 431 3192 όίος
455 3121 510 3182 καί
535 3118 590 3184 διὰ
614 3122 687 3195 τούς
713 3115 836 3199 (Reiske
859 3138 914 3199 pro
937 3117 985 3200 τό)
1009 3119 1068 3201 ἤδη
1094 3121 1247 3205 φοβερούς
1274 3145 1338 3184 πα-

214 3236 330 3315 ρόντας
357 3227 582 3316 Ἀθηναίους,
610 3231 682 3298 κατ’
705 3236 869 3316 ἀμφότερα
897 3232 1126 3314 ἐκπλαγέντες,
1157 3237 1211 3298 καί
1239 3228 1335 3312 (διὰ)

214 3345 385 3421 τούλλιπὲς
408 3354 464 3428 τῆς
487 3351 633 3432 γνώμης,
657 3337 704 3414 τόν
727 3346 903 3412 ἕκαστοι
927 3349 1079 3431 ᾠήθημεν
1104 3347 1239 3430 πράξειν
1263 3354 1336 3424 ταῖς

215 3461 375 3545 κυλείμαις
399 3466 534 3536 ταύταις
556 3463 675 3539 ἱκανῶς
691 3463 881 3545 νομίσαντες
897 3465 1081 3548 είρηθῆναι,
1107 3463 1181 3537 τούς
1200 3465 1336 3544 ε’φεστῶ·

214 3602 273 3650 τας
299 3575 471 3659 πολεμίους
495 3580 529 3641 ἐκ
554 3584 609 3658 τῆς
634 3581 739 3664 χώρας
763 3577 1005 3662 οἷποπίμπωμεν
1030 3583 1097 3643 κτὲ.
1148 3575 1196 3639 Sic
1213 3574 1334 3640 demum

215 3694 246 3752 et
268 3693 388 3752 constat
404 3687 570 3772 syntectica
585 3686 644 3753 loci
661 3689 739 3754 ratio
756 3694 787 3752 et
807 3688 884 3753 clara
902 3712 936 3754 ac
951 3689 1107 3774 perspicua
1124 3690 1203 3755 fiunt
1219 3689 1344 3756 omnia:

215 3800 264 3865 Ad
294 3801 410 3866 Reiskii
437 3801 641 3867 coniecturam
672 3803 710 3868 cf.
735 3802 800 3867 VH
823 3806 865 3868 42
889 3806 903 3886 t
929 3806 958 3869 3.
1005 3802 1148 3867 Ceterum
1174 3803 1273 3867 nescio
1297 3826 1334 3868 an

214 3914 359 3981 vocabula
390 3923 556 4001 παρόντας
586 3917 796 4004 Ἀθηναίους
828 3919 971 3982 fluxerint
1001 3941 1038 3982 ex
1064 3917 1334 4003 interpretatione,

213 4039 248 4096 ut
273 4031 337 4117 ipse
359 4037 464 4096 auctor
487 4032 645 4116 scripsisse
673 4032 840 4097 censendus
864 4033 923 4098 sit:
949 4039 1003 4100 καὶ
1028 4034 1082 4100 διὰ
1106 4038 1152 4100 τό
1175 4033 1247 4119 ἤδη
1270 4059 1335 4117 ηο-

213 4153 357 4235 βερόν,
388 4149 460 4213 κατ’
492 4150 656 4231 ἀμφότερα
681 4153 744 4214 κτὲ.
792 4147 961 4231 Aptissime
991 4147 1034 4211 sic
1060 4146 1142 4211 inter
1169 4168 1201 4210 se
1235 4150 1335 4209 orator

214 4259 343 4344 opponit
366 4259 522 4346 ancipitis
543 4259 653 4344 futuri
687 4280 800 4327 rerum
827 4268 960 4328 euentus
982 4270 1105 4327 metum
1129 4267 1159 4324 et
1179 4279 1336 4347 praeseu-

216 4382 280 4442 tem
301 4374 520 4462 formidinem.
569 4373 716 4438 Similiter
739 4375 874 4469 Badbam
897 4376 963 4439 loeo
980 4375 1096 4462 saepius
1121 4374 1245 4440 laudato
1265 4394 1335 4459 pro·
1444 4447 1446 4452 Ι

215 4490 335 4576 posuit:
361 4492 415 4557 διὰ
443 4495 479 4556 τό
502 4491 563 4576 ἤδη
588 4496 768 4578 φοβερόν
800 4497 896 4567 τούς
926 4499 1088 4578 παρόντας
1114 4489 1332 4570 Ἀθηναίους.

215 4604 304 4669 Meae
328 4604 516 4668 coniecturae
539 4601 636 4687 magis
659 4602 739 4668 favet
762 4604 963 4669 membrorum
995 4602 1221 4689 aequilibrium,
1252 4601 1333 4686 quod
