3166 5230
554 1438 834 1536 CAPUT
881 1440 949 1535 ΙΙ.

415 1663 707 1738 QUAES'PIONES
737 1663 1086 1727 srmonoercsn.

677 1964 818 1971 m

235 2203 252 2267 Ι
276 2207 304 2270 1.
332 2204 543 2292 παλαιότερα.
591 2202 712 2268 Atticos
737 2223 798 2267 non
823 2200 914 2267 aliter
941 2201 1167 2288 dixissequam
1190 2205 1308 2271 παλαί·

190 2347 279 2405 τερος
308 2327 339 2382 et
366 2320 592 2407 σχολαίτερος,
626 2319 829 2394 παλαίτατος
854 2321 885 2380 et
909 2307 1120 2404 σχολαίσατος
1144 2316 1310 2381 rectissime

189 2431 305 2497 iudicet
331 2431 505 2497 Ludovicns
532 2431 721 2512 Dindorfins,
753 2453 842 2516 quem
874 2431 943 2496 vide
972 2431 1012 2497 ad
1036 2431 1114 2497 Xen.
1139 2432 1213 2519 ch.
1237 2431 1307 2498 Lac.

190 2547 357 2634 Xd8et
380 2548 429 2613 XI
452 2550 469 2634 ρ
493 2548 513 2613 3
535 2554 567 2611 ct
587 2546 625 2612 ed
642 2546 745 2631 Steph.
768 2546 857 2613 Thes.
874 2567 905 2631 p.
924 2547 1010 2612 1688
1026 2547 1065 2610 A.
1081 2583 1125 2594 -
1148 2545 1309 2631 Euripides

189 2661 232 2727 Η.
257 2661 291 2729 F.
318 2664 380 2729 769
408 2669 426 2729 o‘
454 2663 488 2729 δὲ
519 2663 713 2747 παλαίτερος
740 2672 863 2749 κρατεῖ.
911 2660 1006 2747 Hipp.
1029 2662 1093 2727 451
1122 2649 1246 2746 γραφάς
1275 2687 1309 2728 τε

188 2784 253 2845 τῶν
288 2779 507 2864 παλαιτέρων,
545 2775 627 2841 Med.
666 2779 707 2843 68
743 2780 830 2846 ἔνθα
848 2779 885 2861 δὴ
910 2777 1111 2846 παλαίτατοι
1140 2785 1307 2844 θάσσουσι.

188 2891 294 2957 Altero
321 2878 415 2956 forins
437 2890 516 2976 apud
543 2891 661 2957 nullum
688 2898 809 2977 poetam
839 2891 998 2972 Atticum,
1022 2891 1103 2978 qnod
1130 2891 1239 2969 sciam,
1263 2911 1311 2954 re-

188 3007 304 3092 peritur
326 3013 452 3092 excepto
475 3006 603 3072 Alexide
626 3006 707 3091 epod
729 3007 922 3072 Athenaeum
945 3007 981 3072 II
1004 3031 1032 3093 p.
1060 3009 1100 3073 36
1125 3006 1169 3071 F:

335 3119 424 3192 οἶνον
450 3124 485 3190 δὲ
511 3128 568 3191 τὸν
595 3122 898 3190 παλαιότατον
927 3124 1162 3208 σπουδάζομεν.

190 3233 249 3298 Sed
277 3234 350 3320 quin
373 3237 581 3304 catalecton
608 3234 834 3300 rescribendum
858 3234 899 3298 sit
920 3242 1068 3320 punctum
1088 3233 1235 3320 temporis
1248 3257 1309 3300 non

189 3347 306 3414 dubito.
352 3349 436 3414 Num
464 3357 548 3415 recte
576 3349 657 3415 idem
680 3349 813 3415 Dindorf
837 3348 885 3414 vel
915 3348 952 3415 ab
981 3337 1199 3416 recentioribus
1226 3348 1310 3415 illem

188 3462 313 3529 formem
335 3463 465 3529 clienem
488 3486 552 3528 esec
573 3464 688 3529 iudicet
703 3464 828 3529 definire
848 3486 909 3530 non
929 3465 1036 3532 ausim.
1067 3465 1112 3530 Ut
1122 3465 1203 3530 canti
1217 3464 1311 3529 simus

187 3579 294 3644 suadet
323 3579 403 3644 Aelii
426 3580 567 3666 Dionysii
589 3619 630 3629 —-
650 3602 719 3645 nom
743 3579 833 3645 huius
858 3602 922 3645 esse
947 3579 1064 3646 videtur
1087 3617 1131 3628 -—
1154 3579 1311 3646 annotatio

187 3694 266 3782 apud
292 3694 455 3760 Photinm:
487 3699 777 3783 παλαιότερον
806 3675 875 3763 λαὶ
907 3705 987 3764 ἄνευ
1018 3707 1073 3766 τοῦ
1102 3701 1123 3760 o'
1146 3697 1308 3778 λέγουσιν.

231 3809 265 3876 Ο.
283 3814 302 3877 5
326 3833 418 3896 prope
441 3811 493 3875 fin.
512 3811 692 3897 ἐληίζοντο.
719 3809 843 3894 Ubique
859 3810 947 3876 edem
960 3813 1140 3900 λῄζεσθαι;
1158 3832 1227 3876 nem
1241 3809 1310 3898 ληί-

188 3931 302 4007 ζεσθαι
327 3926 467 3991 Ionicum
490 3936 538 3990 cst
545 3952 554 4004 3
585 3926 825 4011 necquicquam
853 3926 885 3992 in
912 3925 1048 3991 animum
1076 3925 1202 3989 inducat
1229 3923 1309 4009 apud

186 4040 363 4127 scriptorem
387 4040 526 4107 Atticum
553 4040 640 4106 edere
665 4042 795 4127 ληιστής
823 4061 877 4124 pro
906 4041 1029 4128 λῃστής.
1068 4040 1138 4105 Iote
1159 4039 1310 4125 subscrip-

187 4161 255 4218 tum
277 4155 310 4219 in
335 4156 468 4220 vetustis
494 4155 581 4221 libris
603 4155 733 4221 adscribi
757 4154 853 4219 solere
876 4176 965 4218 nemo
988 4155 1118 4239 ignorat.
1157 4147 1159 4154 ’

230 4267 263 4336 C.
277 4271 296 4336 6
309 4292 403 4355 prope
415 4270 466 4335 fin.
482 4272 698 4358 διιζωσμέαοι.
726 4267 934 4353 Thucydidem
951 4271 1104 4356 scripsisse
1120 4272 1308 4354 διιζωμέαοι

186 4383 299 4450 diserte
324 4392 460 4450 testetur
482 4386 588 4451 Aelius
610 4385 773 4472 Dionysius
800 4383 880 4470 apud
906 4383 1051 4450 Photinm
1067 4384 1100 4450 in
1115 4409 1146 4450 v.
1165 4387 1309 4454 σέσωται.

186 4497 265 4565 Vide
292 4498 440 4565 Cobetum
464 4500 580 4568 Mnem.
603 4500 653 4565 XI
677 4502 757 4580 340,
781 4499 831 4564 ubi
857 4499 983 4584 corrigit
1005 4499 1086 4586 quod
1109 4505 1179 4564 ente
1195 4505 1310 4566 statue-

186 4622 234 4682 ret
261 4616 304 4684 ib.
330 4616 375 4680 VI
405 4617 480 4684 380.
