3190 5232
822 497 864 560 46

287 685 382 753 Valla.
407 686 469 766 Qui
492 693 593 752 autem
616 685 726 750 sciolas
748 684 869 749 infersit
888 695 1005 765 ποιεῖν,
1024 684 1196 751 obliteravit
1212 684 1395 750 Graecorum

285 802 452 866 locutiones
475 801 666 875 notissimas,
696 802 799 866 ταύτὰ
821 807 852 863 et
876 805 1036 869 τοῖναντία
1059 801 1246 888 βούλεσθαι.

329 915 401 1000 Cap.
426 916 467 980 65
492 915 561 980 init.
587 921 620 984 ἐν
646 917 833 991 σπονδαῖς
855 922 908 981 καί
934 921 1177 1001 ἱερομηνίαις.
1224 917 1305 1001 Lege
1323 922 1400 1000 ίερο·

286 1036 425 1116 μηνίᾳ,
459 1037 493 1093 ut
526 1029 602 1093 bene
634 1027 777 1092 scribitur
808 1030 849 1094 56
874 1032 890 1114 6
914 1033 944 1095 1.
968 1029 1122 1112 Frequens
1141 1036 1188 1094 est
1210 1030 1399 1094 librariorum

285 1165 375 1221 error,
410 1148 444 1206 ut
476 1141 613 1207 vocabuli
648 1143 855 1225 praecedentis
879 1165 1037 1207 numerum
1058 1143 1170 1208 iterent
1194 1144 1225 1207 in
1249 1143 1397 1227 sequenti.

284 1255 333 1319 Sic
356 1256 379 1318 V
408 1260 449 1321 27
473 1258 489 1340 b
515 1260 602 1323 1ιαὶ
629 1293 670 1306 -
695 1259 833 1325 σπονδαί
852 1259 1001 1340 ἐγένοντο
1019 1265 1073 1324 καί
1090 1264 1221 1345 ὕστερον
1240 1263 1283 1324 αἱ
1306 1260 1324 1335 ξ
1333 1286 1398 1342 υμ-

283 1377 444 1460 μαχίαι.
491 1373 534 1434 At
557 1393 622 1455 cap.
649 1375 690 1437 24
714 1379 744 1436 σί
769 1373 809 1438 25
834 1379 913 1436 recte
932 1372 1045 1456 legitur
1067 1395 1192 1438 numero
1209 1371 1355 1457 singulari
1378 1382 1399 1456 η’

284 1490 448 1574 ξυμμαχία
473 1492 503 1550 ei
522 1494 581 1569 τὴν
598 1491 794 1574 ξυμμαχίαν.
819 1486 934 1551 Iterum
957 1486 985 1548 V
1008 1490 1050 1552 48
1072 1494 1107 1555 αἱ
1129 1489 1268 1554 σπονδαί
1295 1493 1349 1552 καί
1363 1490 1399 1551 αἱ

285 1605 422 1687 ξυμμα
433 1607 540 1688 χίαι,
565 1600 617 1664 ubi
640 1604 682 1666 46
707 1608 782 1666 extr.
808 1601 913 1665 ordine
930 1599 1075 1665 scribitur
1091 1608 1284 1685 ἐποιήσαντο
1300 1625 1396 1667 σπον·

286 1717 343 1792 dole
368 1723 422 1783 καί
447 1719 700 1804 ξυμμαχίαν.
736 1714 882 1781 Similiter
903 1715 994 1780 VIS
1023 1721 1057 1784 ἐν
1090 1744 1123 1782 τε
1141 1725 1208 1792 τοῖς
1229 1720 1323 1798 ἱεροῖς
1341 1718 1396 1780 καί

285 1835 328 1897 ἐν
352 1840 439 1908 τοῖς
463 1841 648 1909 κοινοῖς,
674 1830 812 1917 quamvis
834 1831 877 1895 rei
900 1830 976 1894 ratio
999 1829 1135 1914 postulet
1149 1828 1295 1912 (loquitur
1315 1827 1397 1892 enim

284 1942 474 2027 Thucydides
507 1943 545 2008 de
582 1945 653 2009 solis
688 1945 875 2031 Segestanis)
903 1951 944 2014 ἐν
969 1957 1020 2033 τῷ
1045 1953 1173 2031 κοινῷ
1197 1949 1228 2008 et
1251 1952 1331 2008 recte
1354 1943 1398 2006 sic

285 2058 428 2141 seriptum
451 2064 551 2122 exstet
572 2057 693 2123 ibidem
708 2082 769 2145 cap.
796 2063 814 2126 6
844 2065 918 2126 extr.

329 2170 402 2256 Cap.
428 2175 469 2238 66
495 2174 574 2238 med.
599 2176 705 2258 λόγοις
728 2203 762 2242 τε
786 2180 964 2242 πείσειν.
987 2174 1095 2237 Veram
1111 2172 1271 2238 lectionem
1287 2183 1395 2239 πεῖσαι

286 2286 378 2351 babet
400 2309 479 2352 uuus
503 2287 605 2353 codex.
640 2289 715 2353 Mox
737 2291 754 2374 6
780 2293 813 2368 2,
837 2297 896 2374 τὴν
920 2293 991 2376 περί
1016 2293 1216 2373 celebratata
1235 2296 1277 2372 μὴ
1295 2293 1397 2355 κτεί-

287 2430 375 2469 νειν
399 2412 599 2489 ψευσθεῖσαν
622 2409 804 2492 ὑπόσχεσιν,
828 2403 1033 2468 Grammatico
1056 2403 1193 2488 postulat
1216 2415 1400 2471 κτενεῖν.

328 2514 400 2599 (lap.
438 2519 479 2581 67
511 2518 528 2600 6
564 2521 592 2582 1.
621 2525 674 2584 καί
706 2524 787 2605 ὑπὲρ
819 2524 907 2602 ὑμῶν
932 2527 986 2586 καί
1011 2523 1110 2604 ἡμῶν.
1149 2515 1324 2602 Repetitum
1347 2524 1402 2583 καί

283 2629 395 2714 poscit,
420 2638 453 2694 ut
479 2638 647 2716 repetamus
672 2633 925 2717 praepositionem
947 2638 1025 2718 ὑπὲρ
1049 2641 1119 2696 anto
1141 2639 1241 2718 ήμῶν.

327 2743 447 2831 †0ap.
477 2749 518 2812 68
543 2751 559 2832 6
582 2752 612 2813 4.
636 2749 695 2811 An.
720 2746 797 2812 Oria.
822 2769 850 2831 p.
876 2751 904 2814 6.
930 2747 1043 2812 additis
1069 2747 1251 2826 rationibus,
1274 2768 1348 2830 quas
1370 2747 1400 2811 lr.

284 2858 303 2921 l.
329 2880 390 2922 non
402 2866 554 2944 repetam,
567 2861 725 2925 ostendere
738 2869 865 2924 conatus
882 2883 948 2924 sum
963 2860 1016 2924 ih.
1036 2862 1205 2946 scripsisse:
1224 2870 1295 2948 περὶ
1311 2864 1403 2930 Πλα-

284 2981 386 3040 ταιῶν
422 2980 453 3040 οἱ
482 2977 738 3059 Λακεδαιμόνιοι
773 2980 870 3052 οὕτως
897 2978 1132 3063 οίτὲραμνοι
1158 2977 1230 3059 (sive
1254 2984 1398 3064 α’τερά·

283 3089 419 3172 μονες)
453 3091 603 3170 ἐγένοντο
636 3111 690 3174 pro
721 3092 1103 3174 α’ποτετραμμένοι.
1127 3088 1255 3164 ¹Ibidem
1285 3092 1399 3175 in63

283 3201 419 3286 rescripsi
435 3210 466 3272 οἳ
488 3208 562 3283 ξυν
573 3207 799 3292 επεπολιόρ
810 3233 936 3290 κηντο
960 3226 1014 3288 pro
1038 3205 1359 3292 ξυνεπολισρκοῠντο.
1378 3205 1399 3273 †

327 3315 402 3401 Oap.
431 3319 473 3382 69
496 3324 568 3382 extr.
594 3326 680 3398 ὅπως
695 3331 914 3406 προφθάσασα
941 3319 1026 3383 Haeo
1040 3318 1129 3383 verba
1146 3318 1319 3383 deleverim.

326 3429 400 3515 Gap.
430 3434 480 3497 76.
518 3443 589 3517 νῆες
631 3472 667 3482 ·-
702 3439 879 3521 ἕσσρμοι
904 3430 1037 3502 οὖσαν.
1082 3435 1145 3497 Aut
1167 3455 1234 3496 oum
1259 3431 1401 3516 Kriigero

284 3544 476 3610 scribendum
493 3549 552 3632 (ἐν)
570 3553 585 3614 ε’
594 3555 729 3635 φόρμῳ
742 3545 845 3625 οὖσαι,
857 3555 910 3611 aut
923 3569 982 3613 uno
995 3547 1140 3628 vocabulo
1154 3553 1398 3633 ἐφορμοῦσαι.

329 3656 401 3742 Cap.
439 3661 479 3724 78
514 3662 530 3744 6
562 3664 592 3724 2.
618 3671 751 3744 γνόντες
778 3665 807 3729 d’
833 3668 961 3748 οἱπρὸς
984 3673 1074 3739 τοῖς
1098 3668 1400 3749 Κερκυραίοις.

287 3773 497 3859 Intelligendi:
511 3783 542 3844 σί
553 3782 630 3864 πρὸς
648 3776 679 3859 (i.
694 3798 720 3841 e.
734 3774 833 3863 κατὰ)
858 3782 952 3853 τούς
973 3781 1266 3862 Κερκυραίους
1284 3803 1399 3860 τεταγ-

285 3891 390 3973 μένοι,
414 3910 505 3973 quare
528 3890 712 3954 necessarius
736 3890 854 3954 videtur
876 3890 1083 3954 Accusativus.

331 4002 403 4088 Oap.
437 4007 477 4069 81
511 4005 528 4088 ᾧ
556 4008 583 4071 2.
612 4010 854 4094 ἀπεχρῶντο
879 4027 894 4068 e
917 4003 1003 4069 libris
1026 4002 1229 4068 deterioribus
1253 4003 1330 4068 bene
1355 4025 1401 4066 re·

287 4125 406 4202 ceptum
428 4141 492 4183 esse
513 4142 567 4206 pro
590 4125 802 4209 ἀπεχώρησαν
827 4143 888 4186 non
911 4120 1007 4183 solum
1030 4118 1186 4203 probabile
1208 4125 1255 4181 est
1280 4124 1404 4202 propter

288 4231 417 4297 Zonaras
451 4239 483 4297 et
517 4233 683 4304 Grammat.
716 4257 763 4320 ap.
797 4233 892 4298 Bekk.
926 4236 985 4300 Au.
1008 4255 1038 4317 p.
1063 4234 1129 4298 423
1154 4232 1327 4297 testimonia
1351 4231 1403 4296 sed

287 4345 378 4410 etiam
402 4345 440 4410 ob
463 4346 652 4430 frequentem
677 4348 767 4412 huius
790 4347 873 4413 verbi
896 4369 984 4411 usum
1004 4347 1085 4430 apud
1102 4346 1200 4411 nostri
1217 4347 1404 4411 imitatorem

286 4458 424 4526 Cassium
451 4461 595 4540 Dionem,
624 4483 714 4546 quem
738 4462 807 4526 vide
830 4486 857 4526 v.
883 4485 910 4527 c.
933 4461 1009 4526 XLI
1032 4464 1075 4527 40
1099 4469 1177 4525 extr.
1207 4469 1239 4525 et
1261 4464 1305 4529 48
1333 4461 1402 4526 init.

288 4575 374 4642 Idem
410 4577 454 4641 LI
487 4567 645 4661 86766
671 4575 732 4640 LII
756 4579 796 4641 17
817 4577 835 4660 t
857 4579 879 4640 4
902 4577 1007 4641 eodem
1031 4598 1122 4642 sensu
1146 4598 1218 4641 usus
1243 4584 1289 4642 est
1309 4576 1399 4642 verbo
