3166 5230
786 455 850 522 158

259 647 439 736 βιαζομίνη
463 674 499 731 γε
526 651 604 731 πρὸς
629 647 844 731 αὐθαιρετοιίς
864 644 1037 718 κινδύνους
1061 644 1161 719 ι’έναι,·
1186 642 1295 708 Delcto
1311 665 1382 710 cum

257 761 378 826 Dobreo
402 761 481 828 καθ’
505 763 656 828 ἑκουσίαν
680 765 710 823 et
734 764 853 822 mutato
876 766 897 843 ἤ
918 756 952 822 in
972 761 1041 835 καί,
1062 765 1165 822 τοίοισι
1185 759 1243 823 erit
1258 759 1296 825 de
1313 783 1382 826 sen·

256 875 365 940 tentia.
410 875 460 940 Ite
492 874 574 938 enim
607 873 641 938 iu
673 871 795 958 epodosi
831 877 937 936 auctor
971 873 1139 936 necessario
1173 872 1382 960 adscripsisse't

257 997 338 1059 ἄνευ
363 994 474 1072 ἱκανῆς
498 997 711 1074 παρασκευῆς.
760 985 877 1070 Nempe
905 986 945 1060 in¹
968 986 1085 1070 protasi
1116 987 1176 1051 duo
1206 996 1379 1073 ponantur:

260 1102 306 1168 1⁰.
337 1101 575 1167 Atheniensibus
606 1123 673 1166 cunr
703 1102 791 1165 firmo
821 1107 967 1185 apparatu
997 1100 1048 1164 vix
1078 1100 1170 1165 licere
1194 1109 1301 1185 sponte
1325 1123 1381 1168 sue

257 1216 408 1301 prioribus
430 1215 542 1280 adoriri
566 1215 699 1293 hostem,
737 1213 782 1280 2⁰.
806 1236 876 1279 cum
906 1213 1026 1279 infirmo
1057 1220 1204 1299 apparatu
1226 1220 1256 1302 (ἤ
1279 1240 1320 1270 --
1351 1222 1380 1284 εί
1442 1293 1451 1308 ι

257 1334 292 1400 δὲ
315 1336 368 1419 μὴ)
392 1332 424 1396 id
448 1354 509 1396 non
530 1330 637 1408 licere,
662 1329 723 1394 nisi
745 1351 862 1393 summe
885 1337 1007 1412 urgeret
1020 1331 1193 1396 necessitas.
1219 1330 1287 1395 Iam
1307 1353 1379 1396 vero

255 1447 288 1510 in
312 1447 437 1532 epodosi
459 1445 610 1532 posterius
638 1449 778 1522 tantum,
809 1443 890 1529 quod
922 1444 1021 1513 solum
1052 1444 1103 1509 hic
1132 1467 1189 1508 usn
1219 1444 1380 1526 veniebat,

257 1559 463 1639 considerans3
488 1567 613 1648 qaaato
636 1559 765 1637 minae,
787 1558 847 1638 ait,
871 1558 1073 1646 reipublicae
1093 1559 1139 1626 cic
1166 1568 1380 1648 comparatae

256 1675 353 1741 aalla
379 1682 507 1762 copeate
535 1672 727 1742 necessitate
755 1672 911 1760 pecccata
957 1674 1046 1740 altro
1076 1673 1240 1761 saaatpere
1274 1673 1378 1742 ticet?

257 1789 374 1855 Verum
398 1797 433 1852 ut
456 1789 530 1852 haec
552 1787 626 1851 setis
650 1786 765 1852 Graece
796 1787 985 1867 scribantur,
1010 1778 1109 1873 neque
1133 1789 1256 1875 σπονδῇ
1280 1809 1380 1871 neque

255 1917 315 1971 ποῦ
340 1907 390 1971 δεῖ
410 1901 481 1966 ferri
508 1908 626 1987 potest:
652 1909 785 1996 utroque
805 1901 897 1986 longe
922 1908 1055 1987 praestat
1077 1912 1142 1971 που
1163 1903 1214 1986 δη.
1265 1900 1379 1982 Quem-

254 2039 344 2102 quam
368 2018 494 2081 fortasse
515 2023 626 2094 noster,
645 2037 703 2081 une
719 2017 808 2081 litere
824 2016 944 2097 addito,
962 2015 1085 2102 scripsit
1107 2016 1127 2103 ἦ
1150 2045 1222 2085 που
1246 2018 1301 2100 δή.
1329 2014 1378 2084 cf.

254 2131 732 2216 IlnnoceeVIeupe.

297 2248 371 2334 Cep.
395 2251 438 2314 34
461 2261 536 2314 extr.
562 2255 714 2317 ἐντεῦθεν
739 2252 771 2325 ἐς
791 2254 850 2333 την
874 2249 1003 2334 Λέσβον
1027 2257 1376 2332 καθορμισάμενοι.

254 2364 336 2448 Lege
358 2371 733 2450 μεθορμιοάμενοι.
778 2360 826 2428 Of.
850 2359 897 2425 VI
919 2363 961 2428 88
984 2361 1000 2443 §
1024 2363 1067 2437 6.

296 2477 367 2564 Cep.
393 2481 435 2544 62
459 2483 536 2544 extr.
561 2481 742 2547 καθίστατο
758 2483 911 2564 φροιίριον
939 2475 1009 2559 [καί
1031 2474 1195 2561 φυλακὴν]
1220 2483 1276 2543 τοῦ
1292 2502 1376 2544 παν·

252 2597 305 2670 τὸς
332 2590 608 2677 Ἑλλησπόντου]
654 2588 702 2655 Oi.
725 2597 828 2654 temen
851 2590 929 2656 Xen.
955 2587 1024 2676 Cpr.
1050 2589 1067 2653 l
1090 2590 1151 2676 4β
1176 2590 1228 2654 16.

296 2703 369 2790 Cep.
396 2707 437 2772 87
454 2707 471 2790 p
488 2706 519 2771 4.
542 2705 681 2770 Aliorum
694 2702 876 2769 coniecturis
898 2705 983 2789 (quas
1000 2703 1068 2768 vide
1091 2703 1171 2788 apud
1187 2701 1374 2790 Kriigerum)

251 2818 372 2884 adiutus
395 2818 587 2884 scribendum
614 2819 766 2904 suspicor:
790 2823 859 2887 ἐπεί
884 2822 949 2902 ε’ίγε
977 2818 1157 2907 ἐβουλήθη,
1183 2820 1375 2904 διαπολεμῆ-

252 2959 306 3000 σαι
324 2939 367 3002 ἂν
394 2933 579 3018 [ἐπιφανὲς]
606 2936 711 3019 δήπου
738 2935 796 3001 οὐκ
823 2935 1029 3011 ἐνδοιαστῶς.

296 3044 369 3130 Cap.
389 3031 468 3132 ’89δ
493 3051 523 3113 λ.
548 3055 602 3115 καί
625 3051 820 3126 ξυνίσταντο
848 3075 882 3115 τε
902 3050 963 3134 ἤδη
982 3053 1038 3114 καί
1062 3053 1102 3114 τά
1119 3054 1294 3133 πράγματα
1310 3050 1375 3118 διε-

250 3162 425 3246 μέμφοντο,
453 3164 581 3247 ἔχοντες
601 3165 761 3247 ήγέμονας
789 3171 855 3230 τῶν
879 3170 969 3232 πάνυ
984 3167 1173 3251 στρατηγῶν
1190 3168 1256 3230 τῶν
1282 3167 1316 3230 ἐν
1334 3173 1374 3250 τῇ

163 3339 164 3350 ,
251 3278 423 3364 ὀλιγαρχίη
441 3281 496 3343 καί
521 3281 555 3345 ἐν
576 3283 691 3366 οίρχαῒς
707 3283 824 3354 ὄντων,
843 3276 913 3346 οἷον
928 3278 1101 3364 Θηραμένη
1117 3303 1150 3342 τε
1166 3279 1223 3344 τὸν
1240 3274 1373 3358 ‘'Ayam·

252 3419 306 3467 νος
331 3398 385 3459 καὶ
414 3391 656 3480 Ἀριστοκράτη
680 3397 736 3461 τὸν
761 3392 904 3459 Σελλίου
928 3397 982 3459 καί
1006 3391 1141 3472 ἄλλους,
1163 3395 1195 3456 οἳ
1218 3393 1371 3478 μετέσχον

200 3593 201 3606 ¹
249 3511 309 3591 μὲν
327 3512 362 3576 ἐν
375 3515 443 3584 τοῖς
455 3515 578 3593 πρῶτοι
591 3513 656 3576 τῶν
670 3516 879 3593 πραγμάτων,
893 3511 1086 3594 φοβούμενοι
1100 3507 1135 3580 δ’,
1149 3512 1197 3582 ὡς
1213 3507 1371 3589 ἔφασαν,

249 3628 285 3688 τό
311 3622 338 3689 τ’
361 3629 396 3693 ἐν
427 3633 467 3709 τῇ
494 3630 596 3710 Σάμῳ
626 3634 807 3709 στράτευμα
839 3628 893 3688 καί
917 3627 978 3689 τὸν·
999 3619 1220 3708 Ἀλκιβιάδην
1247 3623 1373 3708 σπουδῇ

249 3745 358 3811 πάνυ,
392 3745 465 3815 τους
498 3736 527 3803 τ’
552 3741 584 3814 ἐς
610 3744 669 3822 τὴν
694 3739 929 3821 Λακεδαίμονα
960 3737 1313 3823 πρεσβευομένους,’μή
1340 3763 1372 3802 τι

249 3849 331 3920 ἄνευ
351 3857 415 3920 τῶν
440 3851 599 3921 πλειόνων
624 3855 725 3918 κακὸν
750 3852 890 3937 δράσωσι
917 3858 975 3936 τὴν
998 3852 1107 3927 πόλιν,
1124 3851 1167 3916 οὐ
1189 3855 1230 3916 τὸ
1253 3850 1372 3916 άπαλ·

250 3969 383 4045 λάξειν
409 3977 472 4035 τοῦ
492 3973 601 4048 ἄγαγ’
624 3971 659 4043 ἐς
683 3966 839 4047 ὀλίγους
867 3966 1013 4037 ἐλθεῖν,
1038 3965 1123 4030 άλλά
1154 3967 1227 4038 τοδς
1253 3991 1371 4032 πεντα-

250 4084 426 4171 κισχιλίους
447 4086 530 4169 ἔργῳ
551 4087 606 4147 καί
626 4089 668 4165 μὴ
687 4084 821 4165 ὀνόματι
839 4091 955 4169 χρῆναι
976 4079 1212 4147 ἀποδεικνύναι
1234 4083 1288 4144 καί
1311 4083 1370 4160 τὴν

249 4197 419 4264 πολιτείαν
454 4197 620 4280 ι’σαιτίραν
648 4204 858 4264 καθιστάναι.
906 4194 950 4257 De
982 4193 1132 4258 hocloco
1159 4190 1227 4255 vide
1254 4196 1372 4274 praeter

250 4309 426 4395 Popponem
456 4307 488 4374 ct
519 4307 693 4392 Kriigcrum
720 4308 868 4393 imprimis
900 4308 1054 4374 Dobreum
1085 4306 1163 4372 Adv.
1189 4304 1207 4368 I
1234 4327 1264 4390 p.
1291 4306 1370 4382 105;

130 4405 132 4410 Ι
249 4423 303 4509 qui
326 4423 403 4489 bene
424 4422 641 4490 intellexit'ad
661 4429 853 4514 φοβούμενοι
878 4444 940 4490 non
961 4428 1063 4489 mente
1086 4443 1151 4486 esse
1171 4419 1369 4504 repetendum

246 4540 413 4629 μετέσχον.
462 4539 528 4624 Ego
558 4536 602 4603 nil
632 4536 761 4624 emplius
792 4537 989 4624 requirerem,
1012 4537 1036 4602 si
1058 4538 1227 4623 legeretur:
1251 4541 1369 4626 φοβου-
