3166 5230
710 445 775 514 103

186 651 287 711 antea
316 643 347 706 id
378 664 414 706 ex
446 663 478 706 re
508 641 632 706 illorum
664 640 781 719 fuerat,
806 663 897 726 quare
921 641 990 706 dele
1014 646 1078 722 ἔτι,
1103 664 1177 727 quae
1202 644 1307 709 vocula

185 767 256 824 nats
278 757 399 824 videtur
421 780 437 823 e
460 757 559 822 literis
582 779 648 843 sqq.
675 759 772 841 (ETI
786 779 823 822 ox
840 760 933 842 ΗΠ).

229 873 305 960 Gap.
341 877 382 940 82
414 896 443 959 p.
472 873 523 939 fin.
560 872 636 938 male
673 873 838 958 repetitum
873 875 1014 951 α’σπίδας
1045 879 1116 939 ante
1152 875 1306 962 τέσσαρας

187 988 320 1053 delerim.

229 1100 465 1186 cap83t1.
498 1106 556 1169 ὅσα
594 1101 818 1170 οἰνάλαισαν
855 1111 999 1188 χρήματα
1035 1109 1233 1189 Συρακόσιοι
1261 1141 1304 1152 -

186 1218 375 1286 ἀποδοῦναι.
421 1214 530 1280 Verius
552 1214 674 1280 videtur
695 1216 994 1298 α’ναλόι(κε)σαν

231 1330 304 1416 Cap.
330 1334 372 1397 84
396 1352 462 1395 ven.
491 1331 545 1394 fin.
580 1336 651 1416 περί
680 1357 712 1397 τε
741 1341 808 1411 τοῒς
836 1333 997 1419 δορατίοις
1026 1337 1079 1398 καί
1108 1340 1303 1405 σκειίεσιν

187 1451 218 1516 οἱ
243 1451 301 1531 μίν
337 1450 433 1524 εὐθυς
465 1446 703 1530 διεφθείροντο.
751 1445 905 1531 Expectes
928 1446 1029 1531 potius
1061 1449 1231 1526 ξιίστοις
1260 1449 1306 1514 vel

186 1564 354 1644 ξίφεσιν
379 1559 427 1623 vel
449 1558 566 1643 aliquid
592 1559 749 1625 eiusmodi.

230 1673 302 1760 Cap.
326 1679 368 1743 86
392 1676 409 1760 ό
434 1677 464 1741 3.
490 1679 563 1754 τούς
587 1681 647 1761 γὰρ
665 1681 699 1743 εἰι
722 1685 777 1761 τῆς
802 1686 900 1761 νήσου
921 1679 1046 1764 ἄνδρας
1074 1685 1153 1746 τῶν
1178 1687 1307 1746 Λακε-

186 1790 429 1873 δαιμονίαν.
478 1790 548 1854 Duo
571 1790 680 1856 ultima
713 1791 858 1858 voeabula
885 1793 923 1859 ab
956 1794 1024 1878 ipso
1048 1791 1225 1878 Thucydide
1252 1794 1306 1858 ad·

185 1903 297 1987 scripta
318 1926 463 1971 essenon
487 1912 617 1989 praesto.

741 2128 772 2132 ....
784 2126 842 2133 ...m-

583 2311 627 2357 is
658 2309 786 2357 sisso
816 2289 910 2355 VHI.

206 2439 209 2446 Ι
234 2475 308 2561 Gap.
332 2473 349 2537 I
374 2495 449 2540 vers.
474 2474 526 2539 fin.
558 2474 642 2540 ἀλλὰ
665 2475 968 2558 παρασκευάζεσθαι
992 2478 1061 2538 καί
1086 2479 1242 2541 ναυτικόν
1263 2511 1306 2521 -

190 2599 259 2659 καί
285 2597 325 2660 τά
348 2591 601 2678 τῶνξυμμάχων
627 2593 657 2666 ἒς
673 2587 852 2670 ἀσφάλειαν
877 2595 1055 2655 ποιεῖσθαι.
1083 2586 1164 2650 Male
1187 2587 1308 2673 Kriiger

189 2706 339 2774 excidisse
363 2705 535 2789 suspicatur
555 2710 609 2770 καί
635 2705 743 2782 πεζόν.
779 2700 827 2766 Of.
851 2723 914 2786 cap.
937 2700 993 2784 IV,
1019 2700 1071 2766 ubi
1099 2701 1136 2767 de
1153 2703 1307 2787 peditibus

189 2822 274 2888 nulla
298 2820 420 2886 mentio.
456 2819 515 2884 Sed
539 2824 755 2903 transponatur
778 2822 849 2880 aut:
873 2817 955 2882 α’λλά
984 2822 1038 2883 καί
1065 2822 1221 2886 ναυτικόν
1245 2847 1308 2888 πα-

189 2941 444 3024 ρασκευάζεσθαι
471 2940 525 2998 aut
548 2935 632 3001 άλλά
657 2939 711 3000 καί
735 2934 1040 3018 παρασκευάζεσθαι
1065 2941 1230 3004 ναυτικόν.

236 3053 309 3138 Cap.
335 3053 356 3118 3
379 3049 457 3116 med.
479 3053 512 3128 ἔς
534 3076 567 3116 τε
593 3055 651 3132 τὴν
677 3049 863 3135 ξυμμαχίαν
893 3053 1042 3132 ε’πειρόιτο
1070 3057 1311 3133 προσάγειν.

190 3167 264 3232 Non
292 3166 369 3232 male
397 3165 518 3250 Ki'iiger
545 3162 717 3248 suspicatur
747 3169 1052 3246 προσάγεσθαι.
1100 3159 1159 3224 Sed
1182 3161 1309 3227 fortasse

190 3282 305 3348 leniore
329 3302 420 3346 manu
443 3277 654 3364 corrigendum
683 3283 913 3361 προάγειν,
935 3274 954 3338 i.
982 3295 1008 3340 ο.
1032 3274 1220 3343 sollicitare.

233 3397 305 3481 Gap.
329 3399 350 3460 4
371 3401 406 3462 τό
424 3433 465 3444 -
481 3399 628 3482 τείχισμα
652 3392 838 3466 ἐκλιπόντες
857 3395 875 3456 ὃ
897 3391 1225 3478 ἐνῳκοδόμησαν
1249 3421 1309 3459 πα-

189 3511 392 3598 ραπλέοντας
417 3515 447 3589 ἐς
467 3510 636 3576 Σικελίαν.
660 3504 786 3570 Malim:
813 3506 1179 3590 ἐνῳκοδομήκεσαν.
1212 3504 1309 3585 Quam

190 3625 253 3688 sint
273 3623 389 3688 librarii
412 3618 716 3706 Plusquamperfeetis
738 3617 840 3682 infesti
864 3639 953 3702 saepe
976 3625 1075 3702 potest
1095 3617 1255 3684 observari.

234 3737 306 3823 Gap.
332 3738 351 3804 5
374 3743 471 3802 exte:
498 3745 518 3821 χ’
543 3742 652 3816 ζῶντα
682 3737 775 3812 ἄξειν
802 3743 823 3818 ἡ·
850 3737 1121 3802 άποκτεῖναι.
1164 3734 1238 3798 Ροιε
1262 3757 1312 3798 οο-

190 3853 290 3919 dicum
313 3855 534 3929 ἀποκτείνειν,
565 3850 598 3914 in
622 3870 682 3933 quo
708 3839 784 3912 litet
806 3851 1077 3916 ἀποκτενεῖν.

235 3967 306 4053 Cap.
330 3971 348 4032 7
365 3969 382 4052 δ
399 3972 429 4035 1.
454 3976 610 4044 πάντες
631 3974 690 4053 γάρ
709 3971 813 4052 κριίφα
830 3967 938 4034 αὐτῶν
955 3969 1184 4052 ἐπρεσβεύοντο
1203 3965 1312 4054 (chii).

190 4085 273 4170 Lege
297 4091 447 4152 πάντα.

234 4198 307 4284 Gap.
330 4201 371 4264 10
394 4199 411 4281 δ
435 4199 466 4263 3.
494 4202 635 4284 θόρυβός
656 4199 684 4262 τ’
711 4196 838 4276 ἐγένετο
865 4194 964 4271 πολός
992 4200 1046 4261 καί
1072 4202 1224 4273 ἄτακτος.
1261 4195 1313 4260 Ri-

192 4314 324 4379 diculum
348 4318 395 4376 est
415 4318 554 4400 θόρυβος
574 4319 729 4388 ἄτακτος,
744 4307 830 4392 quasi
851 4313 1005 4384 straturae
1022 4329 1088 4371 esse
1108 4309 1213 4392 possit.
1239 4309 1313 4395 Sup-

192 4428 256 4514 ple:
282 4433 337 4494 καί
362 4427 496 4514 (μάχη)
520 4433 661 4500 ἄτακτος
686 4432 717 4487 et
741 4444 877 4508 eompara
894 4421 929 4485 ΙΙ
945 4423 987 4486 49
1010 4435 1161 4509 πανταχῆ
1177 4429 1235 4508 μίν
1252 4421 1309 4494 οὖν

193 4544 291 4620 πολός
314 4547 455 4630 θόρυβος
479 4551 534 4612 καί
560 4542 747 4630 ταραχωόίγς
770 4539 809 4625 ἦν
834 4549 854 4623 ἦ
878 4543 1057 4627 ναυμαχία.
