3166 5230
708 492 771 558 125

182 691 225 754 47
252 688 271 771 t
298 689 317 752 2
341 683 432 750 habet
454 689 666 773 ἐκτραχὼσειν
691 686 722 745 et
744 679 789 744 LI
812 683 855 748 18
875 682 892 766 t
915 683 934 746 2
958 687 1203 770 ε’κτρνχωθεῖεν.
1240 681 1300 746 His

180 798 322 866 omnibus
345 819 519 884 permoveor
553 795 592 861 ad
623 794 804 861 credendum
835 795 895 860 iam
920 801 1038 860 mature
1061 795 1142 882 apud
1166 796 1299 862 Graecos

180 918 268 984 iuxta
290 918 401 981 formas
424 926 563 1004 τρύχειν,
586 918 711 1000 τριλσειν
731 917 761 975 et
781 920 953 999 τετρῦσθαι
974 916 1044 975 nata
1067 933 1131 976 esse
1147 923 1297 1001 τρνχοῦν,

180 1037 369 1120 τρνχὼσειν.
402 1037 585 1116 τρνχῶσαι,
610 1036 842 1115 τετρνχώσθαι.
889 1023 937 1090 Of.
968 1024 1096 1091 Photius
1128 1033 1298 1118 ε’τριλχω-

181 1171 221 1213 cc
232 1167 263 1214 ν·
282 1145 462 1230 ἐξέτριψεν.
475 1140 650 1234 ¹'Propterea
664 1139 788 1204 minime
803 1161 882 1224 nego
899 1160 963 1203 osse
979 1138 1030 1205 ubi
1046 1138 1159 1205 librarii
1173 1143 1299 1208 formam

181 1259 241 1324 sibi
271 1258 421 1322 notiorem
453 1261 651 1344 τετρῦχαμαι
680 1276 733 1341 pro
763 1252 857 1318 altera
885 1255 1038 1340 τέτρνμαι
1070 1254 1298 1322 substituerint.

182 1372 251 1438 Hoc
273 1394 300 1438 v.
314 1392 342 1435 c.
364 1369 479 1434 factum
502 1368 624 1434 videtur
647 1367 728 1454 apud
750 1365 854 1450 Polyb.
885 1365 903 1430 Ι
926 1366 965 1432 11
991 1369 1041 1451 §2
1065 1374 1299 1460 τετρυχωμένοι

180 1491 242 1554 ὑπὸ
258 1491 323 1554 τῶν
340 1485 502 1569 πολέμων,
523 1481 574 1547 ubi
597 1504 659 1548 non
683 1481 791 1547 dubito
812 1502 990 1546 rammasse
1006 1481 1118 1546 variam
1135 1482 1317 1549 lectionem*

178 1600 375 1685 τετρυμένοι.
426 1595 522 1664 Fieri
544 1603 666 1684 potest,
699 1608 732 1661 ut
757 1595 841 1660 idom
862 1594 974 1661 factum
1006 1596 1046 1660 sit
1076 1598 1155 1684 apud
1179 1598 1298 1687 Thucy-

179 1713 297 1793 didam,
327 1713 379 1777 sed
410 1711 525 1777 nullam
552 1735 671 1777 causam
698 1710 772 1775 satis
798 1710 939 1775 idoneam
968 1708 1054 1775 video
1081 1717 1216 1792 exstare,
1245 1735 1298 1779 cor

177 1828 209 1893 id
233 1849 335 1894 revera
359 1827 472 1894 iactum
500 1848 565 1892 csse
592 1825 834 1893 contendamus,

223 1941 295 2027 Cap.
320 1943 372 2008 94.
420 1943 642 2028 Δημοσθένην.
691 1939 810 2024 Ubique
834 1937 960 2004 scribam
985 1943 1191 2028 Δημοσθένη,
1224 1943 1298 2030 Ἕρ-

177 2065 331 2144 μοκράτη,
354 2055 431 2134 sim.,
456 2054 528 2121 licet
547 2054 726 2141 plerumque
748 2051 989 2140 repugnantibus
1011 2051 1107 2119 libris.
1132 2053 1198 2119 Has
1217 2055 1298 2122 enim

177 2171 289 2235 formas
319 2171 470 2236 vetustior
500 2170 607 2236 Atthis
640 2171 703 2235 sola
726 2168 872 2235 admittit.
918 2167 998 2232 Vide
1024 2189 1054 2233 c.
1077 2188 1296 2249 muscampis,

178 2281 437 2374 Nocttmtplicte
461 2284 710 2373 ΒιιιιονΙιιιιιμοιι
739 2305 780 2352 ιιι
802 2284 867 2351 den
886 2289 1005 2374 poetae
1027 2282 1145 2350 scenici
1167 2265 1296 2350 Gracci.

179 2399 227 2464 Ad
258 2399 455 2466 recentiorem
489 2400 633 2465 Athidcm
664 2399 814 2485 pertinere
844 2398 967 2463 videtur
1004 2397 1151 2463 Moeridis
1190 2399 1298 2464 notula

178 2535 207 2600 p.
235 2514 309 2580 134.

222 2625 298 2713 Cap.
323 2629 397 2694 111.
429 2632 556 2716 α’θρόοι.
602 2628 786 2693 ltustathius
816 2627 853 2692 ad
885 2627 943 2694 Od.
975 2657 997 2695 α
1033 2631 1075 2694 27
1110 2651 1126 2692 e
1161 2634 1298 2694 vetorum

177 2741 453 2808 Grammaticorum
476 2742 642 2828 praeceptis
670 2742 728 2806 hoo
750 2740 928 2807 vocabulum
951 2765 1021 2807 cum
1044 2741 1186 2807 derivatis
1208 2742 1297 2809 iubet

177 2855 270 2922 scribi
294 2879 362 2922 cnm
386 2856 496 2942 spiritu
521 2880 636 2944 aspero.
683 2858 781 2924 Utilia
804 2858 950 2943 quaedam
982 2865 1088 2924 monet
1110 2857 1236 2924 Pierson
1259 2859 1298 2924 ad

177 2972 347 3038 Moeridem
369 2994 399 3058 p.
426 2974 467 3038 19
494 2972 514 3039 i.
538 2997 566 3038 v.
590 2981 725 3059 ἄθρους.
772 2973 925 3039 Dissentit
954 2978 1061 3038 auctor
1085 2972 1192 3038 Lexici
1223 2980 1295 3062 περὶ

176 3096 382 3174 πνευμάτων,
407 3086 489 3173 quod
512 3109 591 3172 pone
607 3086 804 3152 Ammoninm
828 3086 923 3152 edidit
938 3087 1132 3168 Valckenaer‚
1157 3110 1186 3174 p.
1211 3090 1291 3156 189:

176 3207 213 3269 τὸ
236 3219 260 3270 ci
283 3207 343 3288 πρὸ
368 3210 422 3270 τοῦ
446 3192 471 3268 θ
494 3203 661 3291 ψιλοῦται.
686 3201 755 3272 οἷον
775 3241 816 3251 -
836 3205 1035 3290 οἰθροίζω.
1066 3203 1124 3267 Sed
1141 3202 1293 3289 vulgarem

173 3315 275 3401 potius
297 3337 388 3401 quam
413 3315 552 3381 Atticum
576 3315 826 3382 consuetudinem
842 3317 868 3381 is
889 3322 1033 3404 spectare
1051 3317 1182 3384 videtur.
1207 3316 1294 3382 Idem

173 3453 205 3516 p.
230 3431 293 3496 191
317 3429 360 3493 sic
382 3429 503 3495 scribit:
528 3435 564 3498 τὸ
588 3434 624 3498 Α
649 3438 709 3518 πρὸ
734 3441 789 3500 τοῦ
806 3439 842 3499 Ν
862 3434 1030 3520 ψιλοῦτοιι.
1055 3437 1145 3512 dcto,
1164 3439 1292 3519 ἄνεμος,

173 3545 366 3632 ἀνεμώλιον.
390 3547 539 3624 ’Acca
564 3550 581 3612 ὃ
614 3553 668 3613 καὶ
692 3549 771 3615 dcc
778 3575 831 3614 τω
854 3549 1020 3626 Ἀττικῶς
1048 3556 1213 3635 γράφεται.
1239 3553 1294 3614 ιιαλ

174 3666 216 3729 τὰ
240 3661 347 3728 λοιπά.
394 3657 440 3725 cf.
473 3658 641 3744 Gregorius
672 3657 851 3726 Corinthius
872 3663 889 3747 t
913 3661 954 3729 26
986 3662 1036 3726 ed.
1060 3660 1216 3742 Sohaefcr,
1241 3661 1295 3747 qui

173 3771 280 3838 laudat
303 3771 393 3838 verba
420 3773 516 3839 Thac.
540 3773 577 3838 Π
607 3774 648 3841 75
681 3782 737 3842 ιαλ
771 3778 833 3844 εἴτι
860 3776 943 3844 ἄλλο
979 3783 1151 3846 α’νιλτειν
1181 3776 1294 3863 μέλλοι

174 3887 442 3976 ἐπιβαλλόμενον.
493 3889 638 3952 Attamen
662 3887 782 3953 Atticos
807 3888 919 3954 dixisse
941 3897 1050 3960 ἀνντω
1075 3889 1294 3976 perspiritum

172 4022 310 4087 asperum
335 4001 524 4067 contendunt
547 4001 648 4070 ceteri.
694 4003 808 4068 Moeris
831 4026 861 4089 p.
887 4005 950 4069 179
974 4011 1119 4091 icccc.
1158 4005 1291 4080 δασέως,

173 4113 353 4192 Ἀττικῶν·
390 4117 512 4204 ψιλῶς,
546 4119 760 4206 Ἑλληνικῶς.
806 4117 902 4184 Bekk.
940 4120 999 4184 An.
1035 4118 1148 4205 Phryn.
1184 4141 1213 4203 p.
1250 4119 1294 4182 14
1416 4169 1419 4175 .

174 4233 254 4297 ccc
263 4256 327 4297 ειν
363 4228 431 4315 (sic)
466 4233 660 4302 θασιλνονσιν
694 4237 726 4300 οἱ
751 4230 917 4302 Ἀττικοί.
953 4240 1009 4301 καὶ
1044 4233 1141 4318 δῆλον
1170 4235 1205 4299 ἐκ
1237 4239 1293 4315 τῆς

174 4344 378 4428 συναλοιφῆς.
406 4357 653 4432 ιιαθηννσαν
685 4355 755 4435 γάρ.
784 4345 880 4412 Bekk.
912 4348 971 4412 An.
1004 4353 1190 4430 Σοναμωνὴ
1214 4346 1292 4422 Λεξ.

173 4467 277 4547 Χρησ.
301 4480 331 4543 p.
360 4462 424 4526 411
447 4469 610 4531 άνιλσαιε
640 4464 773 4541 δασέως·
799 4467 834 4530 τὸ
862 4471 995 4531 σπεῦσαι
1023 4466 1079 4528 ιιαλ
1104 4459 1291 4529 σνντελέσαι

174 4579 206 4640 et
226 4571 341 4639 ibidem
364 4579 565 4647 α’νιλττειν
591 4577 658 4666 (sic)
683 4583 714 4646 oi
737 4579 890 4645 Ἀττικοὶ
913 4580 989 4666 ὅπερ
1013 4585 1113 4666 ημεῖς·
1138 4580 1218 4644 (tad
1226 4599 1291 4646 ειν
