3166 5230
698 469 761 538 121

174 661 219 726 At
248 667 308 730 ἐόω
337 659 484 746 reperitur
515 658 551 724 II
582 660 625 725 90
646 656 711 739 bis,
744 659 822 738 100,
855 658 985 738 11121,
1011 651 1136 746 eamque
1162 657 1286 724 formam

174 775 287 863 ubique
309 774 532 841 restituendam
555 797 619 839 esse
643 774 694 838 vix
717 773 833 840 dubito.

220 890 292 977 Cap.
316 894 369 956 44.
404 896 506 967 ἐθὰς
536 911 590 974 pro
622 897 706 976 ἠθάς
733 888 813 974 apud
836 889 955 955 Atticos
981 889 1053 956 alibi
1077 913 1139 956 non
1163 890 1287 955 memini

174 1014 223 1071 me
245 1004 360 1090 legere,
383 1026 438 1070 nee
460 1010 561 1070 temen
586 1003 664 1070 hanc
687 1005 812 1070 formam
830 1027 884 1090 pro
900 1005 952 1070 illa
969 1005 1150 1072 substituam
1166 1012 1289 1092 propter

174 1121 256 1188 Aelii
278 1120 419 1206 Dionysii
442 1119 532 1185 verba
554 1120 634 1205 apud
658 1119 853 1186 Eustathium
878 1121 916 1185 ad
933 1119 992 1186 Od.
1010 1119 1037 1187 δ’
1056 1122 1115 1186 16:
1135 1125 1153 1187 ὁ
1176 1125 1286 1201 ἐθάς,

173 1243 212 1306 ὃν
237 1243 354 1317 τινὲς
378 1243 432 1306 καλ
455 1237 597 1322 ἠθάδα
617 1236 778 1318 λέγουσιν,
797 1240 839 1316 ὥς
855 1263 951 1324 φησιν
968 1237 1087 1314 Αἴλιος
1104 1241 1285 1313 Διονύσιος.

174 1351 278 1418 Hodie
308 1350 388 1437 quod
419 1350 528 1428 sciam,
560 1355 639 1429 ἐθὰς
662 1355 782 1435 praeter
806 1351 836 1417 h.
860 1351 880 1415 l.
904 1374 966 1416 non
988 1352 1103 1438 legitur
1124 1351 1184 1418 nisi
1206 1351 1287 1440 apud

173 1465 263 1530 Iones
288 1472 318 1530 et
341 1464 501 1550 ¹aequiores.
529 1442 710 1530 ¹Poetarum
733 1465 792 1530 loci
815 1467 941 1531 alteram
964 1467 1129 1551 postulant.

218 1580 291 1665 Gap.
325 1583 376 1646 52.
414 1582 660 1665 καιομένου.
709 1580 845 1646 Atticum
877 1603 942 1646 esse
973 1590 1054 1664 κάω,
1083 1583 1187 1669 κλάοο.Ι
1218 1586 1283 1660 ἀεὶ,

173 1699 281 1774 αἰετός,
310 1696 405 1770 ἐλάα,
432 1693 499 1759 sim.
527 1716 648 1760 monere
671 1695 813 1782 putidum
836 1694 930 1776 foret,
955 1697 1014 1762 nisi
1037 1695 1228 1782 pertinaciter
1250 1695 1287 1761 li·

173 1809 341 1875 brariorum
365 1831 479 1874 errores
502 1808 640 1874 foverent
663 1809 793 1875 editores
816 1834 911 1897 paene
935 1833 1048 1875 omnes.
1106 1795 1108 1800 ⁵
1313 1814 1314 1818 ’

220 1924 293 2010 Gap.
318 1927 371 1992 54.
403 1927 546 2005 εἴκαζον.
595 1925 690 1990 Recte
721 1926 841 1992 Belrlrer
863 1933 895 1991 et
917 1925 1022 2012 Poppo
1046 1948 1062 1990 e
1085 1923 1288 1990 Laurentiano

173 2046 352 2126 receperunt
382 2043 517 2129 ᾔκαζον.
565 2038 609 2107 cf.
643 2041 693 2107 VI
723 2043 775 2108 99.
828 2041 907 2106 Vide
937 2041 1027 2106 etiam
1059 2041 1226 2107 Moeridem
1257 2065 1285 2127 p.

175 2157 239 2222 raa
263 2155 284 2220 r.
301 2177 330 2219 v.
353 2164 469 2244 με...
783 2133 784 2139 ‘

218 2268 291 2354 Cap.
317 2271 369 2335 76.
397 2270 599 2336 Ποτίδαιαν.
628 2267 795 2354 Thucydidi
817 2268 931 2354 ubique
953 2265 1126 2334 redditurus
1149 2291 1216 2334 sum
1239 2291 1286 2334 re·

172 2384 280 2450 riorem
311 2382 438 2448 formam
468 2403 521 2467 per
552 2381 777 2469 diphthongum
810 2390 849 2456 ΐι,
880 2407 969 2469 qnam
999 2407 1096 2470 nuper
1117 2383 1287 2448 Dindorfe

171 2498 338 2565 Thierschii
362 2497 573 2563 emendatione
596 2498 728 2564 reddidit
751 2497 946 2584 Aristophani
970 2498 1072 2584 nquit.
1089 2500 1167 2564 439.
1202 2497 1287 2562 Haec

172 2612 221 2678 bis
245 2619 362 2678 servata
386 2619 432 2676 est
455 2613 486 2678 in
502 2612 635 2698 antiqno
658 2613 872 2699 epigrammate
893 2613 1047 2699 insculpto
1063 2613 1156 2699 lapidi
1176 2613 1223 2680 Ol.
1245 2617 1286 2680 87

173 2731 192 2794 1
226 2729 286 2814 (ap.
319 2727 488 2793 Bbchhium
520 2727 552 2792 Ο.
580 2727 606 2793 Ι.
636 2731 730 2815 170),
762 2751 822 2814 quo
850 2729 1064 2815 epigrammate
1096 2727 1287 2794 celebrantur

172 2843 389 2922 Athenienses,
414 2844 466 2928 qui
485 2842 689 2910 occubuerant
705 2850 777 2910 ante
793 2845 912 2909 moenia
928 2841 1099 2910 Potidaeae.
1126 2842 1172 2909 of.
1191 2843 1285 2909 Thoe.

170 2956 207 3022 II
241 2958 293 3024 58.
339 2955 466 3041 Legitur
497 2956 540 3021 ibi
572 2979 614 3022 vs.
645 2960 682 3024 6:
712 2960 977 3037 Ποτειδαίας
1009 2957 1039 3026 δ’
1071 2961 1151 3044 α’μφλ
1183 2958 1286 3035 πάλας

115 3119 117 3123 -
171 3072 317 3158 ἐ’[πεσον]
339 3079 370 3136 et
392 3094 437 3136 va.
452 3073 494 3138 10
520 3079 640 3159 πρόσθε
666 3077 932 3151 Ποτειδαίας
957 3081 989 3142 οἳ
1011 3083 1117 3142 θάνον
1140 3079 1176 3160 ἐμ
1197 3074 1287 3159 πρ[ο·

169 3188 313 3277 μάχοις].
361 3187 498 3251 Eandem
520 3187 645 3252 formam
669 3186 792 3273 praebet
815 3188 892 3253 alius
910 3189 1019 3253 titulus
1036 3187 1135 3276 (171)
1150 3193 1288 3252 exaratus

171 3301 219 3366 Ol.
246 3303 302 3381 89,
330 3305 347 3366 1
372 3324 415 3367 vs.
440 3304 493 3368 40.
539 3302 673 3366 Alteram
698 3302 729 3366 in
753 3303 1008 3390 Inscriptionibus
1031 3300 1093 3368 non
1116 3303 1242 3389 repperi.

217 3415 290 3502 Oap.
316 3420 367 3483 77.
392 3419 646 3502 φακέλλους.
695 3416 843 3483 Graecum
866 3440 931 3483 esse
953 3419 1090 3504 φάκελος
1113 3422 1148 3481 ut
1171 3423 1283 3500 σφάκε-

171 3533 246 3610 λος,
275 3533 412 3616 ἄγμελος
441 3531 523 3610 sim,
547 3554 607 3596 non
633 3533 790 3616 φάκελλος
813 3539 911 3597 metro
937 3533 1087 3598 evincitur
1107 3555 1154 3617 ap.
1180 3531 1287 3616 Eurip.

171 3643 254 3731 Cycl.
281 3667 309 3708 v.
336 3649 419 3711 242:
446 3649 557 3730 θήξεις
578 3651 739 3735 μαχαίρας
764 3654 817 3715 καὶ
840 3651 943 3735 μέγαν
968 3649 1151 3734 φάκελον
1167 3649 1283 3728 ξύλων.

123 3823 125 3830 ,
171 3759 320 3824 Videatur
342 3758 472 3825 Lobeeh.
498 3757 616 3827 Pathol.
642 3782 671 3846 p.
698 3764 773 3828 107.

215 3873 287 3960 Cap.
320 3877 360 3941 81
393 3874 469 3940 med.
502 3880 563 3944 5πό
587 3882 653 3946 τῶν
682 3882 826 3966 ἐκείνῃ
852 3885 1050 3966 ἠπειρωτῶν.
1099 3877 1284 3942 Aduerbinm

171 3995 316 4080 ἐκείνῃ
340 4013 394 4076 pro
419 3996 500 4066 ἐκεῖ,
522 3992 603 4076 quod
625 3993 788 4057 formatum
805 3991 902 4056 estad
917 3991 1086 4076 analogiam
1102 4013 1166 4056 roc.
1184 3997 1285 4083 ταύτῃ

171 4111 202 4169 et
226 4108 301 4192 τῇδε
327 4128 371 4164 -:.
394 4111 555 4183 ἐνταῦθα,
589 4127 737 4190 nusquam
766 4106 880 4192 reperio
910 4108 989 4192 apud
1017 4112 1123 4192 poetas
1148 4089 1285 4186 Atticos,

171 4220 268 4284 rarius
297 4219 330 4284 in
354 4220 477 4304 antiquo
501 4243 635 4286 sermone
659 4220 809 4308 pedestri,
834 4221 937 4307 parneis
964 4221 1037 4287 loeis
1061 4201 1282 4308 Thucydideii:

171 4334 209 4400 Π
240 4338 296 4416 81,
327 4334 382 4401 ΙΙΙ
414 4338 469 4414 88,
496 4319 576 4414 10'9,
609 4336 660 4402 IV
685 4340 703 4401 7
727 4343 759 4401 et
783 4340 833 4404 77.
881 4349 984 4401 affl
1009 4345 1114 4403 contra
1136 4337 1286 4424 legiturI

174 4449 230 4529 36,
256 4452 311 4530 39,
337 4450 372 4515 Π
396 4451 629 4532 95,ΙΙ1115,
655 4451 706 4518 IV
729 4455 790 4532 48,
815 4454 869 4528 85,
898 4455 953 4533 89,
980 4455 1135 4534 103,,7Ι
1161 4456 1216 4532 11,
1234 4455 1287 4530 17,

174 4565 216 4631 18
246 4573 303 4646 ter,
335 4569 391 4643 99,
416 4567 473 4644 34,
498 4567 554 4647 36,
580 4568 636 4648 76,
661 4570 712 4647 77,
738 4568 794 4647 83,
820 4570 876 4648 84,
902 4569 959 4648 85,
986 4572 1038 4648 87,
1063 4570 1119 4648 90,
1145 4570 1202 4647 91,
1227 4569 1287 4645 99,
