3166 5230
809 459 873 525 136

329 648 404 733 Cap.
429 647 467 715 67
495 651 511 734 0
536 651 565 713 2.
612 654 728 731 ἐνῆγον
753 653 824 716 τὸν
853 647 1049 732 πόλεμον,
1074 645 1110 710 Π
1137 649 1213 731 210
1238 650 1256 708 3
1285 655 1402 733 ε’νῆγον

285 775 358 851 τῆν
389 769 558 849 ἔξοδον,
583 767 630 830 VI
658 768 698 832 15
722 768 739 851 6
764 770 781 832 1
811 773 904 850 ε’νῆγε
933 773 1006 848 τῆν
1028 767 1270 852 στρατείαν.
1301 761 1403 825 Nemo

284 883 457 947 Atticorum
483 884 565 966 (uam
586 881 735 966 sequiores
751 881 827 945 nihil
845 881 953 964 moror)
973 886 1090 964 praeter
1109 875 1318 962 Thucydidem
1337 899 1403 941 ver-

284 995 356 1058 bum
384 1002 513 1078 ἐνάγειν
546 994 649 1058 iunxit
673 1016 739 1058 eum
769 991 962 1059 Accusativo
989 990 1047 1058 rei.
1094 991 1210 1055 Dicunt
1237 992 1316 1056 enim
1349 1001 1402 1058 eut

285 1115 415 1190 ἐνάγειν
438 1116 513 1177 τινά
538 1111 582 1186 είς
612 1139 642 1175 τι
668 1114 720 1172 aut
743 1115 871 1190 ἐνάγειν
896 1114 971 1175 τινά
994 1136 1024 1173 τι
1050 1110 1087 1187 (s,
1109 1110 1188 1174 ὥστε
1213 1110 1257 1192 τι)
1282 1119 1402 1185 ποιεῖν,

284 1232 336 1288 eut
357 1225 502 1291 absolute
529 1226 587 1289 hoe
610 1223 701 1288 verbo
730 1230 867 1288 utuntur.
914 1222 972 1284 Illa
997 1227 1098 1285 autem
1127 1219 1221 1300 ratio,
1250 1243 1327 1305 quae
1354 1222 1403 1285 his

281 1338 380 1404 trihus
403 1339 479 1403 loeis
503 1338 637 1416 obtinet,
662 1361 766 1402 vereor
789 1359 828 1401 ne
852 1342 969 1420 pugnet
994 1336 1147 1421 cumipse
1170 1335 1255 1400 verbi
1278 1337 1402 1401 notione

281 1453 475 1532 inducendi,
502 1453 693 1540 instipundi.
741 1451 844 1532 Quare
876 1449 992 1514 duobus
1024 1451 1139 1515 ultimis
1167 1451 1275 1518 lubeus
1308 1453 1402 1536 magi-

281 1569 376 1632 stellis
402 1568 562 1633 tribuerim
589 1567 778 1632 substantive
802 1577 860 1652 τῆν
877 1561 989 1648 diuidua
1007 1570 1078 1655 (loci
1095 1571 1249 1637 sententia
1272 1575 1401 1658 requirit

282 1681 384 1768 potius
408 1691 466 1767 ιιι
492 1685 659 1768 efferarer)
685 1688 716 1745 e
735 1691 794 1767 ιιι
818 1690 998 1772 acerreae.
1042 1685 1091 1751 uf.
1116 1669 1168 1751 ‘ru
1193 1690 1235 1752 νε
1252 1691 1269 1771 s
1287 1691 1327 1768 a,
1354 1689 1402 1754 vr

286 1799 326 1864 61
352 1800 368 1880 6
398 1800 433 1871 1,
454 1796 518 1860 VII
541 1799 581 1863 18
606 1799 623 1882 3
648 1800 683 1875 1,
705 1797 788 1861 VIII
812 1799 853 1864 73
875 1805 949 1862 extr.
998 1799 1114 1866 Herod.
1138 1801 1167 1863 V
1191 1805 1272 1881 104,
1297 1803 1351 1867 ΙΙΙ
1371 1808 1401 1869 1.

282 1913 384 1976 Primo
418 1919 520 1976 temen
544 1913 610 1976 loeo
637 1913 717 1977 idem
742 1912 840 1977 faeere
864 1914 915 1979 vix
940 1915 1047 1982 eusim.
1097 1915 1199 1996 Quare
1222 1918 1254 1982 in
1278 1919 1401 2004 reliquis

285 2047 405 2110 quoque
430 2026 592 2108 ἐφεκτέον.

326 2139 401 2224 Peg.
428 2140 468 2203 15
492 2137 530 2202 ed
555 2140 596 2204 90
621 2141 638 2222 t
663 2140 693 2204 3.
739 2139 899 2203 Praeterea
922 2141 958 2207 ef.
984 2141 1012 2204 V
1037 2144 1079 2209 82
1101 2149 1175 2210 extr.

327 2253 402 2336 Peg.
432 2255 471 2318 16
497 2253 534 2316 ed
559 2255 599 2318 95
624 2261 699 2320 extr.
738 2255 769 2318 si
796 2255 870 2338 quid
895 2259 1088 2338 mutandum,
1114 2261 1274 2325 deleverim
1298 2261 1401 2346 petius

283 2375 365 2435 τότε.
412 2367 458 2431 Cf.
485 2369 549 2433 133
572 2377 603 2432 et
627 2370 689 2435 136
713 2376 787 2433 extr.

327 2480 488 2565 cap.104
514 2487 589 2547 extr.
637 2483 711 2547 Dele
732 2487 826 2571 μέρος
850 2494 930 2569 post·
944 2492 1063 2573 τρίτον.

325 2595 399 2681 Cep.
422 2599 484 2664 105
506 2600 519 2680 0
539 2599 568 2663 5.
602 2606 754 2684 ἐνόμισαν
777 2604 870 2668 αὐτοί
893 2609 1037 2686 ἑκάτεροι
1062 2606 1119 2669 οὐκ
1137 2603 1272 2673 ἔλασσον
1298 2609 1400 2693 ἔχειν

218 2715 223 2720 ’
282 2718 317 2780 ἐν
342 2721 386 2796 τῷ
411 2716 503 2800 ἔργῳ.
541 2712 601 2777 Hic
624 2735 745 2798 quoque
766 2722 989 2800 expectaueram
1016 2727 1144 2804 σχεῖν.
1180 2721 1222 2782 At
1244 2726 1326 2784 reete
1350 2719 1402 2783 ha-

281 2827 351 2890 bere
383 2832 469 2916 ἔχειν
498 2827 607 2892 docent
632 2817 692 2892 luci
717 2829 770 2893 III
794 2833 830 2909 5,
856 2831 903 2894 IV
927 2833 968 2897 25
993 2834 1010 2917 ῆ
1033 2835 1053 2894 4
1078 2838 1109 2895 et
1133 2832 1215 2897 VIII
1239 2835 1279 2898 61
1305 2841 1400 2914 extu,

282 2963 357 3024 quos
380 2941 440 3003 iam
464 2946 600 3004 tentasse
624 2964 671 3006 me
695 2942 818 3007 nollem.

325 3053 397 3138 Cap.
423 3057 485 3118 111
510 3055 527 3138 6
552 3056 581 3119 1.
614 3054 674 3123 Ἐκ
699 3058 732 3124 δὲ
755 3058 933 3134 Θεσσαλίας
959 3059 1145 3146 Ὀρέστηςό
1170 3058 1402 3148 Ἐχεκρατίδου

282 3176 350 3248 υἱὸς
381 3180 436 3238 τοῦ
472 3172 645 3240 Θεσσαλῶν
679 3174 835 3260 βασιλέως
872 3178 997 3255 φεείγων
1033 3177 1158 3243 ἔπεισεν
1194 3175 1403 3260 Ἀθηναίους

282 3293 400 3353 ἑαντον
430 3261 598 3368 κατάγειν.
647 3287 728 3350 Male
754 3285 943 3351 Classeuium
967 3309 1020 3372 pro
1046 3291 1217 3358 Θεσσαλῶν
1243 3291 1402 3355 coniecisse

283 3401 475 3486 Φαρσαλίων
494 3408 618 3486 epperet
636 3424 652 3464 e
674 3402 882 3485 sequentibus
930 3402 980 3466 Ita
999 3403 1081 3467 enim
1097 3403 1151 3467 Th.
1176 3403 1213 3467 ed
1230 3407 1401 3492 Φάρσαλον

280 3535 343 3579 non
365 3514 572 3599 adsumpsisset
596 3526 651 3599 τῆς
673 3518 863 3594 Θεσσαλίας.
900 3519 931 3581 Si
956 3518 1029 3602 quid
1054 3519 1232 3582 mutandum
1253 3519 1312 3598 sit,
1334 3543 1404 3604 pos-

282 3628 338 3694 sis:
366 3635 446 3712 νὶὀς,
477 3631 649 3700 Θεσσαλῶν
666 3660 738 3700 τον
763 3635 931 3720 βασιλέως.
977 3635 1020 3696 At
1045 3640 1125 3697 recte
1150 3633 1207 3697 viri
1231 3633 1312 3697 doeti
1336 3657 1405 3718 pro·

281 3751 389 3807 vocent
413 3744 451 3807 ed
475 3745 665 3810 Herodotum
693 3747 720 3807 V
745 3749 787 3814 53
811 3754 844 3811 et
866 3747 931 3811 VII
958 3751 994 3826 6,
1019 3747 1072 3811 ubi
1095 3747 1162 3812 vide
1187 3748 1347 3815 Steinium.

324 3858 396 3944 Cap.
424 3861 487 3925 112
512 3863 529 3943 6
554 3864 582 3926 1.
630 3855 778 3947 depunge
801 3874 856 3931 τοῦ
886 3904 928 3912 -
950 3863 1118 3952 βασιλέως,
1147 3863 1205 3927 huc
1225 3863 1345 3928 invecta
1366 3887 1404 3928 ex

284 3975 385 4057 1100
411 3975 441 4038 1.

325 4084 398 4170 Cap.
430 4091 493 4154 116
515 4091 532 4174 d
556 4093 585 4154 1.
635 4093 749 4180 ἔτυχον
773 4101 832 4180 γὰρ
861 4099 896 4161 αἱ
926 4099 985 4179 μὲν
1011 4100 1063 4162 ἐπὶ
1092 4099 1218 4184 Καρίας
1250 4097 1289 4172 ἐς
1313 4123 1404 4179 προ-

283 4209 406 4285 σκοπῆν
432 4211 496 4273 τῶν
522 4213 705 4275 Φοινισσῶν
731 4215 812 4278 νεῶν
838 4217 1020 4297 οἶγόμεναι,
1047 4215 1083 4275 αἱ
1105 4211 1132 4275 δ’
1158 4213 1211 4276 ἐπὶ
1231 4214 1319 4276 Χίον
1348 4217 1405 4275 καί

283 4317 412 4402 Λέσβον
437 4323 841 4403 περιαγγέλλονσαι
867 4329 1014 4410 βοηθεῖν.
1062 4323 1216 4407 Siquidem
1243 4323 1406 4388 manifesto

280 4434 596 4531 ιπεριαγγέλλονσαι,
622 4436 701 4500 heud
736 4460 820 4503 seeus
844 4461 934 4524 quem
963 4440 1107 4503 voeabula
1140 4446 1171 4517 ἐς
1203 4448 1404 4524 προσκοπήν,

282 4545 397 4632 pendet
423 4549 460 4614 ab
488 4557 733 4640 οἰχόμεναι,
770 4577 831 4619 nou
858 4554 896 4619 eb
923 4558 1096 4644 ἔτυχον,
1123 4553 1249 4618 dubium
1272 4575 1333 4616 nou
1357 4559 1406 4616 est
