3190 5232
771 514 791 582 3

216 712 419 781 α’νακαλεῒ.
456 709 637 776 Rectissime
661 709 767 794 Poppo
791 708 886 774 haesit
911 709 940 774 h.
964 709 985 775 l.
1009 709 1041 774 iu
1067 733 1123 774 usu
1149 709 1232 775 verbi
1254 715 1335 779 οἰνα-

218 827 344 895 καλεῖν.
370 824 467 890 Codd.
495 824 611 888 variant
631 825 715 889 inter
730 825 903 893 α’νακαλεῖ
926 831 956 887 et
979 826 1175 893 άντικαλεΐ
1189 831 1220 888 et
1242 828 1337 892 a’aco·

218 942 319 1008 καλεῖ.
344 939 501 1025 Suspicor:
524 945 578 1006 καί
604 940 765 1027 Ἀχαιοιίς
789 967 900 1017 τινας
925 941 1053 1020 καλεῖ,
1078 939 1159 1024 quod
1183 946 1339 1024 praeterea

217 1054 347 1118 suadent
367 1053 521 1138 opposita:
547 1055 688 1139 οὐδαμοῦ
714 1058 800 1131 τοῦς
827 1059 1053 1138 ξῦμπαντας
1077 1061 1242 1141 ὠνόμασεν
1271 1063 1336 1124 κτὲ.

261 1167 334 1254 Cap.
359 1172 389 1234 4.
413 1177 449 1238 τό
474 1197 506 1237 τε
531 1170 682 1259 λῃστικόν
706 1174 749 1247 υίς
774 1173 856 1247 εἰκός
881 1179 1066 1256 καθῄρει
1091 1166 1172 1254 (cod.
1189 1169 1336 1234 Arundel.

216 1283 384 1370 καθαίρει)
408 1290 440 1346 et
464 1283 590 1367 oap.13
613 1283 630 1366 d
653 1285 684 1347 4.
709 1289 744 1349 τό
769 1283 921 1368 λῃστικόν
945 1293 1169 1370 καθῄρουν
1196 1283 1273 1366 (siue
1289 1305 1339 1348 vu·

218 1375 345 1488 rietate),¹
370 1397 508 1482 Utroque
531 1397 597 1460 loeo
614 1419 674 1461 uon
692 1403 809 1461 tantum
826 1397 926 1481 aptior
941 1403 989 1460 est
1013 1398 1098 1462 notio
1118 1397 1202 1463 verbi
1219 1405 1340 1468 καθαί-

218 1543 297 1601 ρειν,
323 1512 404 1596 quod
427 1511 523 1577 Cobet
546 1511 771 1597 refragantibus
787 1511 970 1596 quibusdam
990 1520 1094 1577 nostro
1115 1512 1263 1593 reddidit,
1285 1514 1340 1579 sed

217 1626 309 1690 etiam
338 1625 448 1688 Aoristi
472 1648 544 1689 usus
574 1649 665 1711 quam
695 1626 878 1710 Imperfecti.
926 1625 1034 1712 Neque
1057 1627 1145 1692 aliter
1168 1628 1240 1694 olim
1263 1628 1340 1713 legit

217 1741 281 1805 eius
295 1740 442 1820 imitator,
459 1739 599 1805 Cassium
619 1741 747 1804 Dionem
772 1741 839 1805 dieo
860 1740 913 1805 lib.
931 1741 1090 1806 XXXVII
1115 1743 1156 1810 52
1182 1744 1199 1826 d
1226 1746 1262 1808 l:
1285 1751 1339 1812 καί

218 1859 375 1943 δυνηθείς
397 1862 440 1925 ἂν
465 1863 505 1922 τὰ
528 1857 664 1943 λῃστικά
688 1861 769 1941 όίπερ
794 1884 859 1924 που
882 1859 932 1924 dat
958 1865 1035 1943 παρ’
1057 1861 1169 1936 αὐτοῖς
1192 1856 1231 1942 ἦν
1257 1865 1339 1927 ἄνευ

216 1972 361 2057 μεγάλου
391 1977 479 2048 τινός
512 1978 614 2040 πόνου
646 1980 836 2055 καθήρας
868 1975 1005 2058 ἡσυχίαν
1037 1974 1122 2060 ἔχειν
1147 1976 1179 2036 et
1201 1970 1275 2035 LVI
1299 1975 1341 2040 10

218 2089 234 2171 ἡ
265 2089 301 2150 4:
341 2093 385 2173 τῷ
417 2085 450 2152 δὲ
483 2092 712 2174 ἑκατοντάρχῃ)
743 2097 787 2169 τῷ
819 2093 855 2153 τό
888 2087 1038 2172 λῃστικόν
1077 2091 1340 2174 καθαίροντι

218 2202 408 2286 προσελθὼν
429 2207 646 2288 κατηγόρησεν
661 2207 725 2267 κτὲ.
752 2199 813 2264 Alii
828 2199 887 2264 iam
906 2198 1079 2264 attuleruut
1097 2199 1196 2266 Schol.
1214 2199 1340 2266 Aristid.

218 2338 248 2400 p.
270 2316 312 2381 38
338 2321 504 2401 ἐκάθηρε
529 2316 563 2381 δὲ
589 2321 624 2381 τό
648 2316 813 2403 λῃστικόν,
838 2320 855 2382 ὃ
879 2321 946 2382 ε’στι
970 2317 1119 2401 ἡμέρωσε·
1141 2322 1196 2383 καί
1220 2321 1238 2382 ό
1262 2322 1323 2384 Θο.

218 2432 352 2516 κυδίδης
376 2433 410 2498 ἐν
436 2439 475 2514 τῇ
498 2434 608 2516 πρώτῃ
626 2435 658 2492 et
674 2428 818 2493 Eustath.
834 2427 871 2492 ud
887 2427 945 2494 Od.
960 2451 992 2513 p.
1010 2429 1074 2495 690
1090 2436 1150 2512 τὴν
1167 2431 1315 2498 θάλασσα

221 2549 235 2610 ε’
245 2553 426 2629 κάθαιρε
452 2542 589 2630 λῃστῶν.
635 2539 680 2608 Cf.
705 2542 811 2626 Poppo
835 2564 943 2608 comm.
967 2542 985 2606 I
1007 2566 1037 2628 p.
1063 2546 1114 2609 62.

265 2655 338 2742 Cap.
363 2658 382 2722 5
406 2655 474 2721 init.
509 2661 543 2724 οῗ
563 2684 597 2723 τε
623 2662 657 2724 ἐν
691 2668 730 2742 τῇ
752 2661 871 2744 ἡπείρῳ
903 2657 1169 2744 παραθαλάσσιοι
1194 2663 1248 2724 καί
1273 2661 1342 2726 ὅσοι

222 2783 336 2857 νὴσους
361 2771 458 2861 εἶχον,
484 2774 595 2856 ἐπειδὴ
618 2775 759 2857 ἡρξαντο
790 2772 915 2857 μᾶλλον
943 2782 1158 2859 περαιοῦσθαι
1193 2772 1341 2858 [ναυσίν]

223 2887 273 2955 ἐπ’
297 2888 469 2970 ἀλλήλους.
510 2885 624 2949 Mirum
645 2885 676 2950 ni
700 2885 841 2953 κωνίίικε
861 2885 894 2950 iu
918 2907 1007 2950 aare
1032 2885 1078 2949 usi
1101 2885 1219 2952 forent!
1244 2886 1345 2970 Quare

222 3001 304 3065 idem
327 2999 505 3064 vocabulum
523 3005 696 3084 suspectum
713 3000 788 3064 mihi
804 3007 852 3064 est
868 3023 932 3085 cap.
952 3003 1014 3067 107
1039 3000 1134 3065 med.:
1160 3007 1215 3069 καί
1240 3008 1345 3070 κατά

223 3118 426 3184 θάλασσαν
451 3121 510 3201 μὲν
527 3118 654 3195 αὐτούς,
669 3116 724 3182 διά
741 3125 796 3184 τοῦ
813 3120 972 3202 Κρισαίου
990 3116 1112 3184 κόλπου
1129 3123 1157 3182 εἷ
1172 3117 1345 3204 βούλοιντο

224 3241 450 3319 περαιοῦσθαι,
479 3231 663 3316 Ἀθηναῖοι
683 3231 808 3316 [ναυσί]
835 3232 1106 3318 περιπλεύσαντες
1130 3232 1263 3316 ἔμελλον
1287 3260 1347 3299 κω·

225 3349 343 3414 λιίσειν.
392 3344 491 3424 Quam
516 3345 592 3410 male
617 3346 713 3410 otiosa
737 3344 884 3410 eiusmodi
910 3353 941 3409 et
964 3345 1124 3430 subinepta
1141 3345 1348 3411 additamenta

224 3461 323 3526 oderit
338 3469 611 3545 auetorsapparere
628 3466 730 3545 potest
746 3483 812 3524 cum
830 3459 952 3524 aliunde
968 3466 1035 3523 tum
1053 3483 1068 3524 e
1085 3481 1150 3544 cap.
1167 3462 1233 3528 143
1251 3459 1346 3526 med:

224 3587 262 3663 ἡν
288 3578 316 3644 τ’
342 3583 394 3644 ἐπί
419 3583 477 3660 τὴν
503 3583 610 3664 χώραν
634 3582 722 3660 ἡμῶν
739 3579 820 3661 πεζῇ
836 3579 939 3654 ίωσιν,
957 3585 1045 3660 ἡμεῖς
1063 3579 1114 3642 ε’πί
1132 3581 1190 3659 τὴν
1216 3579 1346 3643 ἐκείνων

225 3694 460 3775 πλευσοόμεθα,
494 3689 545 3754 ubi
579 3711 650 3753 sane
673 3697 797 3774 propter
828 3694 910 3776 πεζῇ
943 3689 1042 3752 minua
1071 3687 1292 3753 offenderemur
1315 3688 1349 3752 in

226 3807 330 3870 addito
355 3810 484 3873 ναυσίν.
521 3803 595 3868 Noli
619 3803 666 3867 his
690 3826 840 3888 opponere
865 3804 964 3883 locos,
981 3803 1079 3888 qualis
1099 3807 1147 3866 eat
1164 3801 1348 3887 qui-legitur

227 3919 244 3984 I
268 3921 332 3986 100
355 3919 427 4004 M,
452 3916 503 3980 ubi
528 3939 565 3980 ex
589 3916 730 4001 opposito
755 3921 866 3996 ναυσί,
885 3916 967 4000 quod
990 3939 1061 3980 eum
1085 3917 1222 4000 emphasi
1238 3916 1350 4000 legitur

226 4035 316 4098 initio
339 4033 473 4120 periodi,
497 4036 621 4116 apparet
644 4031 676 4094 in
699 4031 795 4094 altero
820 4030 973 4108 membm‚
997 4030 1022 4095 si
1048 4053 1110 4096 uon
1134 4031 1349 4110 scribendum,

227 4160 259 4215 at
283 4158 365 4214 certe
389 4147 586 4234 cogitandum
609 4169 675 4210 esse
699 4152 790 4232 πεζῇ.
815 4183 858 4194 --
881 4145 938 4209 Vel
970 4146 1081 4210 certius
1107 4153 1154 4210 est
1177 4152 1272 4216 ναυσί
1295 4168 1346 4210 ex-

228 4265 428 4350 pungendum
453 4286 518 4327 esse
543 4263 560 4326 I
585 4263 647 4327 105
673 4261 762 4326 iaia:
794 4265 998 4350 Ἀθηναίοις
1023 4265 1057 4330 δὲ
1089 4262 1236 4348 [ναυσὶν]
1271 4267 1353 4330 οίπο-

229 4387 324 4468 βᾶσιν
358 4385 389 4456 ἐς
420 4381 543 4455 Ἆλιῦις
575 4382 652 4461 πρός
684 4381 886 4461 Κορινθίους
919 4382 973 4442 καί
1005 4375 1237 4463 Ἐπιδαυρίους
1267 4385 1353 4464 μάχη

230 4496 368 4578 ἐγένετο.
393 4491 474 4556 Nam
497 4496 723 4578 ἀποβαίνομεν
749 4495 783 4556 ἐκ
808 4499 872 4557 τῶν
892 4497 987 4564 νεῶν,
1009 4489 1073 4555 sive
1094 4495 1158 4560 ἀπὸ
1175 4501 1241 4564 τῶν
1259 4501 1342 4560 νεῶν
1387 4484 1390 4491 ’

231 4615 276 4687 εἷς
300 4627 359 4695 την
385 4619 460 4693 γῆν,
485 4629 546 4672 uon
570 4605 671 4670 hercle
695 4614 767 4680 ταῖς
792 4607 921 4674 ναυσίν.

1171 4723 1220 4794 10
