3190 5232
727 543 767 606 19

186 735 455 822 παρακληθέντες
480 735 513 799 δὲ
537 753 587 795 me
609 730 710 794 iudice
734 729 904 812 elegantius
928 728 1086 800 abessent,
1118 728 1306 813 speciemque

186 852 317 914 oderunt
349 845 625 932 interpretamenti.
674 845 753 909 Utut
788 852 847 922 est,
880 843 923 908 ibi
958 865 1077 928 quoque
1101 844 1225 909 malim:
1250 848 1305 911 cun

186 967 505 1052 άπαράκλητοι,
542 963 810 1047 παρακληθέντες
830 962 878 1027 δέ.
927 957 1090 1021 Rarissime
1118 956 1200 1021 enim
1227 955 1309 1040 apud

185 1077 320 1162 'Phucyd
345 1079 457 1144 καλεῖν
485 1061 602 1159 legitur
629 1097 683 1159 pro
710 1076 926 1160 παρακαλεῖν.
950 1073 1032 1137 Loco
1050 1081 1151 1136 autem
1166 1069 1250 1135 VIII
1266 1073 1307 1137 68

185 1197 266 1260 ὅταν
295 1221 345 1270 τις
374 1192 473 1277 καλῇ
498 1201 652 1276 παρεῖναι
676 1188 713 1254 de
739 1188 890 1253 industria
914 1187 1004 1252 verbo
1028 1187 1158 1272 simplici
1181 1188 1310 1272 scriptor

187 1330 259 1372 usus
291 1307 423 1382 videtur,
447 1313 482 1370 ut
501 1305 654 1389 ingratam
680 1304 911 1388 praepositionis
935 1304 1062 1367 evitaret
1083 1302 1308 1387 repetitionem.

187 1424 329 1487 Ceterum
352 1421 489 1507 apposite
508 1421 546 1485 ad
565 1420 666 1484 locum
686 1441 775 1504 quam
795 1425 959 1484 tractamus
980 1417 1087 1482 Wassc
1104 1418 1177 1482 citat
1199 1396 1308 1481 Horat.

185 1537 245 1602 Od.
269 1536 314 1602 ΙΙ.
340 1540 381 1603 18
405 1544 501 1600 extr:
526 1541 659 1602 occutus
683 1544 784 1622 utque
807 1553 873 1600 cca
897 1539 1030 1600 uocatus
1054 1532 1159 1598 uadit.

230 1651 301 1737 Cap.
329 1654 393 1718 120
415 1654 432 1736 δ
457 1654 486 1716 2.
510 1657 598 1736 ἡμῶν
624 1651 658 1716 δέ
683 1655 752 1717 ὅσοι
767 1655 827 1732 μέν
846 1652 1044 1734 Ἀθηναίοις
1061 1650 1122 1734 η”δη
1140 1650 1309 1736 ἐνηλλά-

186 1793 331 1854 γησαν.
358 1766 457 1831 Sohol.
482 1768 660 1850 συνέμιξαν
685 1771 739 1831 καὶ
764 1764 944 1848 ὡμίλησαν,
970 1783 1046 1846 quae
1068 1762 1308 1846 bonainterpre·

185 1881 262 1944 tatio
286 1887 348 1958 est,
378 1881 468 1944 modo
485 1879 658 1964 Thucydidi
674 1877 835 1943 reddamus
851 1880 869 1954 ξ
879 1878 1208 1964 υνηλλάχησαν;
1226 1898 1308 1940 naur-

184 2017 243 2078 que
278 1995 539 2062 ἐναλλάττεοθαι
571 2015 720 2078 nusquam
752 1993 904 2078 significat
936 1993 1164 2060 commercium
1187 1992 1308 2059 tubere

188 2109 241 2173 sed
277 2131 396 2194 semper
427 2115 457 2172 et
480 2108 593 2192 ubique
614 2114 820 2195 permutare.
844 2145 888 2157 —-
911 2109 927 2193 8
952 2110 988 2174 3:
1012 2111 1141 2194 άνδρὼν
1166 2115 1226 2194 γάρ
1250 2134 1308 2174 σω·

185 2231 313 2311 φρόνεον
340 2227 399 2307 μέν
425 2229 534 2302 ἐστιν,
561 2230 588 2288 εἰ
609 2231 651 2307 μὴ
676 2225 863 2298 ἀδικοῖντο,
893 2228 1066 2311 ἡσυχάζειν
1075 2272 1084 2301 ,
1108 2227 1247 2307 άχαθῶν
1272 2225 1306 2290 δὲ

184 2341 234 2405 οἰδ
245 2365 339 2405 ικου
356 2338 511 2423 μένους
533 2341 566 2404 έκ
583 2346 641 2422 μὲν
660 2344 785 2424 εἰρήνης
804 2339 955 2423 πολεμεῖν
973 2376 1016 2387 -
1031 2349 1108 2424 μήτε
1125 2343 1308 2426 τῲςήσυχίῳ

185 2464 242 2537 τῇς
267 2459 392 2540 εἰρήνης
415 2454 625 2538 ἡδόμενον
649 2455 849 2520 ἀδικεῖσθαι.
876 2451 948 2516 Non
972 2453 1087 2518 Graeca
1110 2460 1229 2518 tantum
1254 2451 1307 2515 sed

187 2567 310 2652 quaevis
334 2567 539 2632 Grammatica
562 2567 698 2652 postulat
721 2570 848 2653 ῇδομέ
860 2596 967 2649 νους.

229 2681 301 2767 Cap.
327 2685 389 2747 121
416 2683 433 2765 p
459 2687 490 2747 2.
517 2689 551 2751 έν
576 2683 714 2766 Δελφοῖς
738 2691 792 2750 καὶ
817 2683 1041 2769 Ὀλυμπία.
1070 2682 1200 2747 Ebonis
1217 2682 1305 2747 codd.

184 2797 285 2882 recipe
309 2798 572 2883 Ὀλυμπίασι.
599 2796 646 2862 Of.
673 2799 736 2862 143
759 2797 828 2862 init.
856 2836 895 2847 -
920 2797 969 2862 Ib.
995 2800 1012 2881 8
1037 2799 1066 2864 3.
1093 2803 1109 2864 ὃ
1135 2799 1163 2864 δ’
1188 2804 1304 2867 ἐκεῖνον

184 2918 340 2998 ἐπιστήμη
366 2919 553 3000 προέχουσι,
579 2917 868 3000 καθαιρετέον
894 2923 969 2997 ἡμῖν
988 2919 1053 2980 ἐστι
1077 2914 1206 3001 μελέτη.
1257 2911 1307 2976 Sic

183 3026 274 3091 scribi
302 3034 407 3090 contra
432 3034 563 3091 mentem
586 3027 717 3092 auctoris
742 3027 908 3091 meridiana
932 3028 999 3093 luce
1024 3027 1133 3092 clarius
1150 3035 1307 3113 apparete

184 3141 322 3226 proxime
344 3143 548 3226 praegressis:
573 3147 589 3210 ὃ
614 3151 673 3230 γὰρ
699 3153 788 3230 ῇμεῖς
812 3147 925 3231 ἔχομεν
951 3151 1040 3229 φύσει
1064 3147 1208 3226 ἀγαθόν,
1229 3149 1305 3211 ἐκεῖ·
1370 3211 1373 3220 λ

184 3287 254 3335 νοις
287 3261 344 3325 οὐκ
376 3265 418 3326 ἂν
443 3261 571 3341 γένοιτο
597 3260 726 3345 διδαχῇ.
773 3258 853 3343 Ergo
878 3259 1085 3345 reponendum
1110 3271 1307 3345 κάθαιρε·

183 3381 268 3440 τόν.
318 3372 427 3436 Risum
461 3372 528 3456 quis
562 3373 715 3436 contineat
748 3373 855 3457 legens
883 3373 1015 3439 Goelleri
1039 3374 1191 3458 argutiasr
1219 3373 1307 3440 citit

183 3494 289 3565 mutu,
314 3487 434 3572 inquit:
460 3509 528 3551 nam
554 3487 635 3570 quod
660 3486 857 3554 addiscendo
880 3489 1108 3576 ειιμονυυάυυν
1133 3489 1233 3568 dicit,
1256 3489 1304 3555 κὐ-

185 3602 350 3690 corripitur
383 3609 497 3690 sponte
532 3601 619 3668 idam
657 3603 812 3689 superori
843 3625 946 3691 posse.
995 3605 1089 3685 Quasi
1124 3627 1193 3670 vero
1224 3603 1304 3668 bono

184 3717 324 3802 scriptori
351 3716 434 3782 aliud
455 3717 616 3782 dicendum
641 3717 700 3796 sit,
724 3718 805 3782 aliud
829 3719 1044 3803 cogitandum!
1071 3719 1175 3784 Simile
1195 3718 1303 3784 vitium

183 3832 371 3917 deprehendi
399 3832 434 3895 ΙΙ
459 3835 500 3899 88
524 3833 622 3911 med,
647 3832 683 3896 dc
706 3856 766 3917 quo
789 3856 843 3897 suo
866 3833 934 3899 loco
959 3834 1137 3901 videbimus.

230 3959 248 4023 †
279 3946 351 4032 Cap.
384 3950 447 4012 122
477 3951 494 4030 d
519 3949 549 4010 3.
582 3951 743 4034 τυραννον
770 3950 799 4015 δ’
824 3954 924 4035 ἐῶμεν
952 3949 1036 4034 (μέν)
1063 3955 1302 4032 ένκαθεστάναι

183 4068 217 4131 ἐν
251 4072 289 4152 τῇ
319 4062 456 4129 Ἑλλάδι
489 4063 609 4140 πόλιν,
647 4067 719 4139 τούς
752 4061 782 4128 δ’
807 4066 840 4129 έν
865 4075 923 4148 μιᾷ
945 4071 1127 4149 μονάρχους
1150 4067 1302 4148 α’ξιοάμεν

181 4178 369 4245 καταλύειν.
418 4175 559 4240 Hiulcam
595 4175 782 4255 orationem,
816 4176 995 4242 docentibus
1029 4177 1127 4244 verbis
1158 4179 1303 4265 oppositis

180 4299 344 4380 τύραννον
376 4333 414 4344 -
446 4295 563 4373 πόλιν,
597 4291 640 4356 sic
670 4291 778 4356 sarcire
814 4315 901 4376 posse
926 4293 1000 4358 mihi
1025 4294 1141 4378 videor,
1168 4301 1201 4359 ut
1232 4294 1303 4358 scri·

180 4407 265 4472 bam:
289 4413 362 4486 τοδς
386 4407 415 4474 δ’
432 4413 466 4476 ἐν
485 4424 543 4495 μιῇ
568 4413 697 4493 (ἑκάστη
715 4410 822 4491 πόλει)
838 4419 1018 4498 μονάρχους
1035 4415 1185 4498 ἀξιοῦμεν
1203 4437 1302 4476 κατα·

178 4521 319 4591 tuerat

224 4634 296 4721 Cap.
329 4639 391 4702 126
424 4637 496 4719 dd.
528 4643 555 4702 εἰ
582 4637 611 4702 δ’
637 4642 670 4705 έν
695 4651 733 4725 τῇ
762 4637 905 4725 Ἀττικῇ
928 4647 948 4725 η’
970 4640 1094 4710 ἄλλοδέ
1118 4667 1182 4708 που
1205 4649 1226 4726 ῇ
1249 4666 1302 4724 με·

1119 4759 1168 4822 χει
