3190 5232
731 512 773 578 83

191 710 261 767 ante
284 710 438 787 σώμασιν.
485 701 624 784 Utroque
647 700 727 763 euim
751 699 840 763 modo
868 722 955 785 saepe
979 708 1083 765 noster
1106 702 1228 768 locutus
1252 709 1309 768 est.

196 815 325 879 Additur
346 814 506 898 utrobique
530 813 676 878 articulus
692 836 724 901 μ.
747 835 771 876 ο.
797 812 880 876 VIII
903 817 944 878 45
973 823 1004 878 et
1029 816 1081 881 65.
1105 815 1203 900 Prope
1219 817 1310 880 finem

193 911 300 996 dubito
324 929 361 994 de
392 930 565 994 sinceritate
589 928 755 1012 scripturae
778 927 810 990 in
841 925 955 991 verbis:
978 931 1058 1015 μηδὲ
1083 937 1185 1016 τούτῳ
1205 935 1311 1017 ἐμπα-

102 1111 111 1129 x
193 1052 328 1131 ράσηητε
353 1055 397 1130 τῷ
424 1057 478 1127 τῆς
501 1044 621 1120 πόλεως
652 1044 795 1128 κινδύνῳ
829 1045 897 1126 ἰδίᾳ
926 1043 1312 1126 ἐλλαμπρύνεσθαι.

193 1159 267 1223 Post
302 1166 599 1247 ἐμπαρὰσηητε
639 1157 834 1241 praetulerim
883 1159 1219 1242 λαμπρύνεσθαι.
1265 1156 1314 1222 Of.

193 1295 258 1357 cap.
283 1275 323 1338 16
348 1274 365 1356 d
389 1275 418 1337 3.

239 1385 310 1470 Cap.
336 1388 388 1449 14.
412 1395 467 1468 τῆς
489 1387 522 1452 δι’
548 1386 668 1462 πόλεως
696 1391 832 1461 κακῶς
856 1386 1118 1473 βουλευσαμένης
1137 1391 1244 1472 ἰατρὸς
1271 1393 1314 1455 ἂν

195 1503 360 1584 γενέσθαι.
407 1497 484 1562 adv.
512 1505 617 1574 κακῶς
651 1497 729 1562 mele
753 1497 897 1562 omissum
923 1505 971 1562 est
995 1499 1033 1563 ab
1057 1498 1224 1564 editoribus
1247 1520 1315 1563 cum

195 1615 282 1680 libris
314 1612 446 1698 optimis.
492 1612 626 1696 sequens
658 1615 765 1692 καλῶς
797 1635 885 1677 causa
916 1614 1007 1677 fuisse
1038 1613 1159 1677 videtur
1183 1634 1236 1676 cur
1265 1635 1316 1676 ex-

197 1727 312 1793 ciderit.
358 1725 440 1795 †In
464 1735 597 1792 extremo
622 1728 718 1812 capite
743 1728 858 1793 malim:
885 1736 955 1796 καὶ
974 1733 1040 1811 (pro
1063 1732 1099 1814 ἤ)
1119 1731 1202 1795 ἑκὼν
1231 1725 1316 1797 εἶναι

196 1846 297 1930 μηδὲν
322 1846 444 1931 βλάψῃ.
469 1843 489 1910 †

243 1957 319 2041 Cap.
344 1959 384 2022 15
418 1960 511 2019 extr:
540 1957 607 2039 ἰδίᾳ
641 1956 816 2022 ἕκαστοι
844 1965 909 2034 τοῖς
942 1958 1190 2042 ἐπιτηδεύμασιν
1214 1959 1317 2024 αὐτοῦ

198 2074 429 2160 ἀχθεσθέντες.
476 2067 579 2132 Huius
613 2068 673 2133 loci
705 2076 752 2132 est
786 2072 982 2148 ἕκαστος,
1014 2077 1046 2134 et
1077 2071 1121 2134 sic
1151 2070 1319 2154 corrigatur

200 2208 261 2270 cap
289 2188 331 2250 46
356 2187 373 2267 β
398 2185 418 2249 3
442 2186 589 2271 ἐσέφερον
614 2189 645 2261 ἐς
669 2190 726 2262 τὰς
751 2192 905 2262 ἑστιάσεις
932 2189 975 2263 ὥς
996 2191 1098 2252 οἰκεῖα
1126 2185 1315 2253 ἕκαστοι.

199 2299 246 2366 Ol.
270 2297 352 2364 VIII
375 2301 406 2363 1.

243 2413 317 2498 (lap.
332 2416 373 2478 16
390 2415 450 2495 bb.
473 2412 614 2476 Conieci:
632 2417 845 2501 προσποίησιν
870 2443 904 2481 τε
928 2417 1117 2495 ξυγγενείας
1137 2420 1179 2498 μὴ
1204 2420 1319 2500 οὔσης

200 2531 271 2611 (pro
294 2522 432 2611 οὖσαν)
463 2530 709 2605 καταλιπόντες.
750 2531 763 2610 β
789 2531 819 2593 6.
844 2536 883 2595 τὰ
911 2531 982 2595 ἴδια
1011 2533 1317 2617 ἐπιβοώμενος.

200 2641 270 2707 Hoc
292 2639 416 2706 verbum
441 2642 539 2706 obiter
562 2642 653 2705 redde
678 2641 771 2706 Dioni
787 2641 821 2706 Ο.
846 2641 956 2705 XLIII
981 2643 1053 2724 245
1079 2642 1097 2704 1
1122 2662 1177 2726 pro
1207 2647 1321 2709 ἐπεκ-

200 2765 401 2846 βοᾶσθαο

246 2871 319 2956 Cap.
345 2875 397 2937 19.
420 2873 543 2957 μᾶλλον
571 2871 605 2956 [η’
624 2874 794 2959 πρότερον]
824 2874 983 2958 ὥρμηντο.
1011 2870 1089 2934 Vide
1113 2868 1181 2934 adl
1199 2870 1239 2933 13
1256 2871 1273 2954 d
1290 2871 1319 2933 1.

246 2985 319 3070 Cap.
345 2988 385 3050 21
410 2987 426 3067 t
452 2987 480 3049 1.
507 2991 534 3052 εἰ
555 2986 621 3068 (pro
643 2989 696 3071 ἤν)
723 2989 879 3064 ξοστῶσιν
908 2986 940 3049 in
965 2986 1101 3049 oratione
1125 2983 1256 3071 pedestri
1278 2982 1322 3048 fe-

202 3100 329 3164 rendum
353 3109 494 3165 nonest.
541 3099 589 3165 Ib.
613 3103 630 3184 ξ
655 3105 683 3167 2.
707 3102 814 3186 supple
838 3104 978 3170 αὐτόθεν
996 3105 1030 3168 δὲ
1055 3104 1131 3186 (δεῖ)
1156 3108 1236 3176 uter
1252 3122 1322 3164 narn

203 3214 327 3279 verbum
345 3217 394 3282 δεῖ
415 3236 451 3278 ex
467 3217 480 3297 l
498 3217 534 3292 1,
552 3215 728 3306 praesertim
745 3215 915 3280 interiectis
930 3217 1015 3280 istis:
1040 3222 1171 3304 αἰσχρὸν
1190 3253 1231 3263 -
1247 3219 1323 3301 βον-

203 3332 436 3415 λενσαμένονς,
465 3327 657 3413 subintelligi
685 3329 800 3412 nequit.

160 3461 162 3464 ’
248 3443 322 3528 Cap.
347 3447 388 3508 22
413 3443 429 3523 b
455 3445 484 3507 2.
510 3449 575 3511 τὸν
601 3445 634 3510 δὲ
661 3450 715 3510 καὶ
740 3448 878 3510 αὐτόθεν
901 3455 990 3512 σῖτον
1015 3451 1082 3512 κτὲ.
1130 3442 1202 3508 Iure
1223 3442 1257 3506 in
1276 3463 1323 3506 ar·

204 3559 299 3622 ticulo
322 3559 447 3624 haeserit
470 3557 579 3621 critici.
628 3557 788 3641 Suspicor:
813 3563 916 3644 πρὸς
940 3560 974 3624 δι’
999 3565 1054 3625 καὶ
1078 3565 1143 3626 nrt.
1225 3584 1228 3590 ·

249 3671 323 3758 Cap.
348 3675 391 3737 24
414 3679 444 3736 et
469 3673 510 3737 35
534 3672 602 3735 init.
627 3673 648 3736 l.
673 3683 818 3741 τοιαῦτα.
865 3670 944 3736 Vide
967 3672 1037 3736 adn.
1063 3671 1099 3735 ad
1121 3671 1168 3735 IV
1193 3673 1233 3736 21
1255 3669 1324 3735 init.

249 3787 322 3872 Cap.
348 3789 389 3852 29
406 3789 422 3872 p
439 3790 468 3852 1.
491 3786 585 3850 Deleo
601 3784 708 3851 verba:
732 3791 807 3853 εἴτι
825 3797 946 3854 τούτων
964 3788 1167 3873 εἰργασμένος
1188 3786 1242 3871 ἦν,
1264 3807 1326 3850 non

205 3903 326 3968 ferenda
349 3903 388 3967 ob
412 3925 495 3987 sqq.:
527 3911 554 3970 εἰ
577 3911 636 3988 μὲν
664 3910 785 3970 τούτων
816 3931 848 3969 τι
881 3907 1041 3988 εἴργαστο.
1088 3902 1203 3986 ῒβλ.
1227 3902 1326 3968 αὐτοῦ

207 4024 401 4103 expungatur
421 4016 440 4084 †
469 4024 641 4102 suspectum
666 4017 758 4081 etiam
783 4015 931 4101 Kriigero.
953 4015 1047 4079 —In
1071 4022 1204 4078 extremo
1228 4013 1327 4098 capito

206 4131 413 4216 ingratissima
429 4131 645 4196 coniunctione
663 4129 806 4195 scribitur
821 4144 1048 4215 perempertus
1075 4132 1326 4217 νομισθέντα,

208 4247 261 4312 ubi
284 4246 480 4332 participium
512 4269 547 4309 er
579 4245 830 4330 interpretatione
856 4244 1029 4308 adhaesisse
1053 4244 1128 4308 mihi
1152 4242 1327 4328 persuadeo.
1442 4308 1446 4317 ,

208 4362 254 4427 of.
281 4384 315 4427 ca
338 4409 345 4424 .
371 4365 422 4427 72.
511 4355 514 4362 ’

252 4385 392 4562 Cupisso
416 4480 433 4563 2
457 4481 488 4543 l·
512 4488 532 4564 ἡ
555 4484 708 4562 α’ναγιομη
731 4481 876 4560 ἐγίγνετο
897 4476 942 4559 [ἐς
959 4483 1018 4560 τὴν
1035 4473 1221 4557 Σικελίαν].
1247 4467 1329 4534 0011-

208 4600 256 4658 tra
278 4594 385 4658 vocula
408 4591 554 4658 excidisse
579 4591 700 4657 videtur
736 4612 836 4655 versus
860 4590 951 4654 finem
982 4589 1013 4654 in
1045 4587 1173 4656 histro
1198 4590 1257 4672 μὲν
1284 4589 1329 4660 ὡς

1144 4700 1195 4767 6-1(-
