<?xml version="1.0" encoding="UTF-8"?>
<!DOCTYPE html PUBLIC "-//W3C//DTD XHTML 1.0 Transitional//EN"
    "http://www.w3.org/TR/xhtml1/DTD/xhtml1-transitional.dtd">
<html xmlns="http://www.w3.org/1999/xhtml" xml:lang="en" lang="en">
 <head>
  <title>
</title>
<meta http-equiv="Content-Type" content="text/html;charset=utf-8" />
  <meta name='ocr-system' content='tesseract 3.04.00' />
  <meta name='ocr-capabilities' content='ocr_page ocr_carea ocr_par ocr_line ocrx_word'/>
</head>
<body>
  <div class='ocr_page' id='page_1' title='image "./studiathucydide00herwgoog_0165.png"; bbox 0 0 3166 5230; ppageno 0'>
   <div class='ocr_carea' id='block_1_1' title="bbox 795 408 859 476">
    <p class='ocr_par' dir='ltr' id='par_1_1' title="bbox 795 408 859 476">
     <span class='ocr_line' id='line_1_1' title="bbox 795 408 859 476; baseline 0 -1"><span class='ocrx_word' id='word_1_1' title='bbox 795 408 859 476; x_wconf 77' lang='grc'>152</span> 
     </span>
    </p>
   </div>
   <div class='ocr_carea' id='block_1_2' title="bbox 268 596 1392 1718">
    <p class='ocr_par' dir='ltr' id='par_1_2' title="bbox 268 596 1392 1718">
     <span class='ocr_line' id='line_1_2' title="bbox 268 596 1389 688; baseline -0.004 -20"><span class='ocrx_word' id='word_1_2' title='bbox 268 600 461 688; x_wconf 80' lang='lat' dir='ltr'>participium</span> <span class='ocrx_word' id='word_1_3' title='bbox 492 606 727 687; x_wconf 74' lang='grc' dir='ltr'><strong><em>σημαινόντων.</em></strong></span> <span class='ocrx_word' id='word_1_4' title='bbox 777 597 888 664; x_wconf 80' lang='lat' dir='ltr'>Facilis</span> <span class='ocrx_word' id='word_1_5' title='bbox 919 603 967 664; x_wconf 87' lang='lat' dir='ltr'>est</span> <span class='ocrx_word' id='word_1_6' title='bbox 996 596 1127 683; x_wconf 90' lang='lat' dir='ltr'>suspicio</span> <span class='ocrx_word' id='word_1_7' title='bbox 1159 619 1196 662; x_wconf 82' lang='lat' dir='ltr'>ex</span> <span class='ocrx_word' id='word_1_8' title='bbox 1224 598 1389 685; x_wconf 84' lang='lat' dir='ltr'>archetypo</span> 
     </span>
     <span class='ocr_line' id='line_1_3' title="bbox 269 712 661 800; baseline -0.003 -20"><span class='ocrx_word' id='word_1_9' title='bbox 269 713 422 800; x_wconf 92' lang='lat' dir='ltr'>quondam</span> <span class='ocrx_word' id='word_1_10' title='bbox 445 712 520 778; x_wconf 90' lang='lat' dir='ltr'>duos</span> <span class='ocrx_word' id='word_1_11' title='bbox 543 735 661 779; x_wconf 87' lang='lat' dir='ltr'>versus:</span> 
     </span>
     <span class='ocr_line' id='line_1_4' title="bbox 313 830 1202 897; baseline -0.001 0"><span class='ocrx_word' id='word_1_12' title='bbox 313 830 1202 897; x_wconf 78' lang='grc' dir='ltr'><em>ΕΣΤΑΠΡΟΓΕΓΕΝΗΜΆΣΗΜΑΙΝΟΝΤΩΝ</em></span> 
     </span>
     <span class='ocr_line' id='line_1_5' title="bbox 315 945 1161 1012; baseline -0.002 0"><span class='ocrx_word' id='word_1_13' title='bbox 315 945 1161 1012; x_wconf 80' lang='grc' dir='ltr'><em>ΤΗΝΑΠΑΡΙΘΜΗΣΙΝΤΩΝΟΝΟΜΑΤΩΝ</em></span> 
     </span>
     <span class='ocr_line' id='line_1_6' title="bbox 268 1053 1390 1144; baseline -0.005 -21"><span class='ocrx_word' id='word_1_14' title='bbox 268 1078 409 1144; x_wconf 88' lang='lat' dir='ltr'>perverso</span> <span class='ocrx_word' id='word_1_15' title='bbox 440 1055 545 1120; x_wconf 82' lang='lat' dir='ltr'>ordine</span> <span class='ocrx_word' id='word_1_16' title='bbox 574 1055 740 1139; x_wconf 89' lang='lat' dir='ltr'>descriptos</span> <span class='ocrx_word' id='word_1_17' title='bbox 770 1077 844 1119; x_wconf 91' lang='lat' dir='ltr'>esse.</span> <span class='ocrx_word' id='word_1_18' title='bbox 891 1053 971 1134; x_wconf 75' lang='lat' dir='ltr'>Quia</span> <span class='ocrx_word' id='word_1_19' title='bbox 1003 1060 1104 1118; x_wconf 85' lang='lat' dir='ltr'>tamen</span> <span class='ocrx_word' id='word_1_20' title='bbox 1135 1064 1296 1127; x_wconf 65' lang='grc' dir='ltr'><strong><em>πιστεύειν</em></strong></span> <span class='ocrx_word' id='word_1_21' title='bbox 1320 1080 1390 1122; x_wconf 86' lang='lat' dir='ltr'>cum</span> 
     </span>
     <span class='ocr_line' id='line_1_7' title="bbox 270 1168 1391 1255; baseline -0.001 -17"><span class='ocrx_word' id='word_1_22' title='bbox 270 1170 456 1238; x_wconf 86' lang='lat' dir='ltr'>Accusativo</span> <span class='ocrx_word' id='word_1_23' title='bbox 487 1169 670 1235; x_wconf 74' lang='lat' dir='ltr'>substantivi</span> <span class='ocrx_word' id='word_1_24' title='bbox 703 1169 837 1233; x_wconf 83' lang='lat' dir='ltr'>construi</span> <span class='ocrx_word' id='word_1_25' title='bbox 859 1191 945 1255; x_wconf 90' lang='lat' dir='ltr'>posse</span> <span class='ocrx_word' id='word_1_26' title='bbox 967 1168 1115 1234; x_wconf 89' lang='lat' dir='ltr'>incertum</span> <span class='ocrx_word' id='word_1_27' title='bbox 1139 1177 1200 1248; x_wconf 88' lang='lat' dir='ltr'>est,</span> <span class='ocrx_word' id='word_1_28' title='bbox 1225 1171 1305 1236; x_wconf 87' lang='lat' dir='ltr'>haud</span> <span class='ocrx_word' id='word_1_29' title='bbox 1328 1172 1391 1237; x_wconf 90' lang='lat' dir='ltr'>for-</span> 
     </span>
     <span class='ocr_line' id='line_1_8' title="bbox 269 1282 1391 1371; baseline 0.001 -20"><span class='ocrx_word' id='word_1_30' title='bbox 269 1293 348 1352; x_wconf 88' lang='lat' dir='ltr'>tasse</span> <span class='ocrx_word' id='word_1_31' title='bbox 379 1282 622 1371; x_wconf 82' lang='lat' dir='ltr'>improbabiliter</span> <span class='ocrx_word' id='word_1_32' title='bbox 650 1289 769 1348; x_wconf 84' lang='lat' dir='ltr'>statuas</span> <span class='ocrx_word' id='word_1_33' title='bbox 793 1304 965 1368; x_wconf 86' lang='lat' dir='ltr'>perversum</span> <span class='ocrx_word' id='word_1_34' title='bbox 988 1282 1076 1348; x_wconf 85' lang='lat' dir='ltr'>illurn</span> <span class='ocrx_word' id='word_1_35' title='bbox 1100 1283 1237 1350; x_wconf 86' lang='lat' dir='ltr'>ordinem</span> <span class='ocrx_word' id='word_1_36' title='bbox 1260 1287 1391 1353; x_wconf 87' lang='lat' dir='ltr'>movisse</span> 
     </span>
     <span class='ocr_line' id='line_1_9' title="bbox 269 1398 1391 1489; baseline -0.012 -20"><span class='ocrx_word' id='word_1_37' title='bbox 269 1409 483 1482; x_wconf 87' lang='lat' dir='ltr'>correctorem,</span> <span class='ocrx_word' id='word_1_38' title='bbox 515 1405 549 1464; x_wconf 88' lang='lat' dir='ltr'>ut</span> <span class='ocrx_word' id='word_1_39' title='bbox 577 1419 634 1463; x_wconf 88' lang='lat' dir='ltr'>suo</span> <span class='ocrx_word' id='word_1_40' title='bbox 658 1403 752 1463; x_wconf 87' lang='lat' dir='ltr'>marte</span> <span class='ocrx_word' id='word_1_41' title='bbox 776 1398 922 1462; x_wconf 85' lang='lat' dir='ltr'>Dativum</span> <span class='ocrx_word' id='word_1_42' title='bbox 945 1410 985 1487; x_wconf 77' lang='grc' dir='ltr'>τῇ</span> <span class='ocrx_word' id='word_1_43' title='bbox 1007 1404 1240 1488; x_wconf 63' lang='grc' dir='ltr'>ἀπαριθμήσει,</span> <span class='ocrx_word' id='word_1_44' title='bbox 1266 1425 1391 1489; x_wconf 66' lang='lat' dir='ltr'>suspen.</span> 
     </span>
     <span class='ocr_line' id='line_1_10' title="bbox 269 1513 1392 1603; baseline 0.002 -21"><span class='ocrx_word' id='word_1_45' title='bbox 269 1541 336 1584; x_wconf 92' lang='lat' dir='ltr'>sum</span> <span class='ocrx_word' id='word_1_46' title='bbox 366 1522 451 1582; x_wconf 90' lang='lat' dir='ltr'>ratus</span> <span class='ocrx_word' id='word_1_47' title='bbox 482 1538 498 1580; x_wconf 93' lang='lat' dir='ltr'>a</span> <span class='ocrx_word' id='word_1_48' title='bbox 529 1520 769 1603; x_wconf 81' lang='grc' dir='ltr'><strong><em>σημαινόντων,</em></strong></span> <span class='ocrx_word' id='word_1_49' title='bbox 795 1513 828 1578; x_wconf 92' lang='lat' dir='ltr'>iu</span> <span class='ocrx_word' id='word_1_50' title='bbox 851 1514 1065 1579; x_wconf 86' lang='lat' dir='ltr'>Accusativum</span> <span class='ocrx_word' id='word_1_51' title='bbox 1090 1516 1261 1600; x_wconf 88' lang='lat' dir='ltr'>refingeret.</span> <span class='ocrx_word' id='word_1_52' title='bbox 1307 1517 1392 1584; x_wconf 88' lang='lat' dir='ltr'>Hinc</span> 
     </span>
     <span class='ocr_line' id='line_1_11' title="bbox 269 1624 1390 1718; baseline 0 -20"><span class='ocrx_word' id='word_1_53' title='bbox 269 1655 393 1698; x_wconf 88' lang='lat' dir='ltr'>manum</span> <span class='ocrx_word' id='word_1_54' title='bbox 426 1630 580 1716; x_wconf 88' lang='lat' dir='ltr'>scriptoris</span> <span class='ocrx_word' id='word_1_55' title='bbox 610 1648 771 1714; x_wconf 81' lang='lat' dir='ltr'>agnoscere</span> <span class='ocrx_word' id='word_1_56' title='bbox 802 1624 904 1691; x_wconf 86' lang='lat' dir='ltr'>videor</span> <span class='ocrx_word' id='word_1_57' title='bbox 933 1625 966 1690; x_wconf 92' lang='lat' dir='ltr'>iu</span> <span class='ocrx_word' id='word_1_58' title='bbox 997 1627 1053 1692; x_wconf 86' lang='lat' dir='ltr'>huc</span> <span class='ocrx_word' id='word_1_59' title='bbox 1084 1626 1231 1695; x_wconf 90' lang='lat' dir='ltr'>lectione:</span> <span class='ocrx_word' id='word_1_60' title='bbox 1264 1637 1319 1698; x_wconf 83' lang='grc' dir='ltr'><strong><em>ιιαὶ</em></strong></span> <span class='ocrx_word' id='word_1_61' title='bbox 1346 1641 1390 1718; x_wconf 80' lang='grc' dir='ltr'>μὴ</span> 
     </span>
    </p>
   </div>
   <div class='ocr_carea' id='block_1_3' title="bbox 270 1747 1391 1947">
    <p class='ocr_par' dir='ltr' id='par_1_3' title="bbox 270 1747 1391 1947">
     <span class='ocr_line' id='line_1_12' title="bbox 270 1747 1391 1832; baseline -0.004 -14"><span class='ocrx_word' id='word_1_62' title='bbox 270 1755 396 1818; x_wconf 84' lang='grc' dir='ltr'><strong><em>τῶν-</em></strong></span> <span class='ocrx_word' id='word_1_63' title='bbox 419 1751 643 1832; x_wconf 81' lang='grc' dir='ltr'><strong><em>σημαινόντων</em></strong></span> <span class='ocrx_word' id='word_1_64' title='bbox 668 1754 714 1830; x_wconf 82' lang='grc' dir='ltr'>τῇ</span> <span class='ocrx_word' id='word_1_65' title='bbox 737 1747 1032 1829; x_wconf 73' lang='grc' dir='ltr'><strong><em>ἀπαριθμήσει</em></strong></span> <span class='ocrx_word' id='word_1_66' title='bbox 1055 1750 1120 1812; x_wconf 82' lang='grc' dir='ltr'>τῶν</span> <span class='ocrx_word' id='word_1_67' title='bbox 1144 1747 1312 1830; x_wconf 81' lang='grc' dir='ltr'><strong><em>ὀνομάτων</em></strong></span> <span class='ocrx_word' id='word_1_68' title='bbox 1335 1776 1391 1814; x_wconf 88' lang='grc' dir='ltr'>πι-</span> 
     </span>
     <span class='ocr_line' id='line_1_13' title="bbox 271 1855 1389 1947; baseline -0.013 -15"><span class='ocrx_word' id='word_1_69' title='bbox 271 1868 403 1939; x_wconf 78' lang='grc' dir='ltr'><strong><em>στεόσας</em></strong></span> <span class='ocrx_word' id='word_1_70' title='bbox 433 1861 569 1947; x_wconf 79' lang='grc' dir='ltr'><strong><em>μᾶλλον.</em></strong></span> <span class='ocrx_word' id='word_1_71' title='bbox 619 1855 865 1940; x_wconf 88' lang='lat' dir='ltr'>Breviloqueutia</span> <span class='ocrx_word' id='word_1_72' title='bbox 889 1877 957 1919; x_wconf 85' lang='lat' dir='ltr'>vere</span> <span class='ocrx_word' id='word_1_73' title='bbox 981 1855 1193 1942; x_wconf 82' lang='lat' dir='ltr'>Thucydiden:</span> <span class='ocrx_word' id='word_1_74' title='bbox 1219 1864 1389 1944; x_wconf 66' lang='grc' dir='ltr'><strong><em>σημαίνειμ</em></strong></span> 
     </span>
    </p>
   </div>
   <div class='ocr_carea' id='block_1_4' title="bbox 271 1970 1392 2063">
    <p class='ocr_par' dir='ltr' id='par_1_4' title="bbox 271 1970 1392 2063">
     <span class='ocr_line' id='line_1_14' title="bbox 271 1970 1392 2063; baseline -0.004 -18"><span class='ocrx_word' id='word_1_75' title='bbox 271 1985 310 2056; x_wconf 73' lang='grc' dir='ltr'>ἐς</span> <span class='ocrx_word' id='word_1_76' title='bbox 336 1983 376 2045; x_wconf 85' lang='grc' dir='ltr'>τό</span> <span class='ocrx_word' id='word_1_77' title='bbox 399 1975 661 2063; x_wconf 76' lang='grc' dir='ltr'><strong><em>προγεγενημένα</em></strong></span> <span class='ocrx_word' id='word_1_78' title='bbox 684 1970 869 2056; x_wconf 80' lang='lat' dir='ltr'>dictumest</span> <span class='ocrx_word' id='word_1_79' title='bbox 891 1993 946 2056; x_wconf 92' lang='lat' dir='ltr'>pro</span> <span class='ocrx_word' id='word_1_80' title='bbox 970 1980 1101 2055; x_wconf 81' lang='grc' dir='ltr'><strong><em>φαίνειν</em></strong></span> <span class='ocrx_word' id='word_1_81' title='bbox 1125 1983 1250 2060; x_wconf 82' lang='grc' dir='ltr'><strong><em>σημεῖα,</em></strong></span> <span class='ocrx_word' id='word_1_82' title='bbox 1277 1973 1326 2052; x_wconf 77' lang='grc' dir='ltr'>οἷς</span> <span class='ocrx_word' id='word_1_83' title='bbox 1350 1983 1392 2044; x_wconf 82' lang='grc' dir='ltr'>τὰ</span> 
     </span>
    </p>
   </div>
   <div class='ocr_carea' id='block_1_5' title="bbox 269 2087 1215 2188">
    <p class='ocr_par' dir='ltr' id='par_1_5' title="bbox 269 2087 1215 2188">
     <span class='ocr_line' id='line_1_15' title="bbox 269 2087 1215 2188; baseline -0.008 -28"><span class='ocrx_word' id='word_1_84' title='bbox 269 2091 531 2181; x_wconf 76' lang='grc' dir='ltr'><strong><em>προγεγενημένα</em></strong></span> <span class='ocrx_word' id='word_1_85' title='bbox 556 2092 770 2170; x_wconf 79' lang='grc' dir='ltr'><strong><em>γιγνώσκεται</em></strong></span> <span class='ocrx_word' id='word_1_86' title='bbox 793 2092 888 2155; x_wconf 83' lang='grc' dir='ltr'><strong><em>ὁπότε</em></strong></span> <span class='ocrx_word' id='word_1_87' title='bbox 911 2087 1049 2188; x_wconf 68' lang='grc' dir='ltr'><strong><em>ἕκαστον</em></strong></span> <span class='ocrx_word' id='word_1_88' title='bbox 1074 2089 1215 2169; x_wconf 77' lang='grc' dir='ltr'><strong><em>ἐγένετο.</em></strong></span> 
     </span>
    </p>
   </div>
   <div class='ocr_carea' id='block_1_6' title="bbox 267 2200 1400 4357">
    <p class='ocr_par' dir='ltr' id='par_1_6' title="bbox 267 2200 1395 3316">
     <span class='ocr_line' id='line_1_16' title="bbox 313 2200 1394 2292; baseline 0.002 -21"><span class='ocrx_word' id='word_1_89' title='bbox 313 2206 387 2292; x_wconf 85' lang='lat' dir='ltr'>Cap.</span> <span class='ocrx_word' id='word_1_90' title='bbox 411 2207 452 2272; x_wconf 87' lang='grc'>26</span> <span class='ocrx_word' id='word_1_91' title='bbox 478 2207 495 2288; x_wconf 62' lang='grc' dir='ltr'>ᾧ</span> <span class='ocrx_word' id='word_1_92' title='bbox 520 2204 540 2268; x_wconf 83' lang='lat'><strong>3</strong></span> <span class='ocrx_word' id='word_1_93' title='bbox 562 2207 648 2281; x_wconf 83' lang='grc' dir='ltr'><strong><em>ὅπως</em></strong></span> <span class='ocrx_word' id='word_1_94' title='bbox 676 2204 851 2290; x_wconf 72' lang='grc' dir='ltr'><strong><em>ἀκριβές</em></strong></span> <span class='ocrx_word' id='word_1_95' title='bbox 876 2229 907 2268; x_wconf 86' lang='grc' dir='ltr'>τι</span> <span class='ocrx_word' id='word_1_96' title='bbox 933 2204 1067 2287; x_wconf 75' lang='grc' dir='ltr'><strong><em>εἴσομαι.</em></strong></span> <span class='ocrx_word' id='word_1_97' title='bbox 1106 2200 1196 2267; x_wconf 90' lang='lat' dir='ltr'>Dion.</span> <span class='ocrx_word' id='word_1_98' title='bbox 1215 2201 1285 2268; x_wconf 78' lang='lat' dir='ltr'>Hal.</span> <span class='ocrx_word' id='word_1_99' title='bbox 1302 2207 1394 2291; x_wconf 73' lang='grc' dir='ltr'><strong><em>ἄκρι-</em></strong></span> 
     </span>
     <span class='ocr_line' id='line_1_17' title="bbox 271 2313 1392 2414; baseline -0.004 -24"><span class='ocrx_word' id='word_1_100' title='bbox 271 2330 336 2414; x_wconf 80' lang='grc' dir='ltr'>βῶς</span> <span class='ocrx_word' id='word_1_101' title='bbox 364 2326 400 2385; x_wconf 89' lang='lat' dir='ltr'>ut</span> <span class='ocrx_word' id='word_1_102' title='bbox 432 2325 479 2385; x_wconf 88' lang='lat' dir='ltr'>cst</span> <span class='ocrx_word' id='word_1_103' title='bbox 501 2319 533 2383; x_wconf 90' lang='lat' dir='ltr'>in</span> <span class='ocrx_word' id='word_1_104' title='bbox 557 2318 625 2382; x_wconf 89' lang='lat' dir='ltr'>Par.</span> <span class='ocrx_word' id='word_1_105' title='bbox 651 2326 696 2391; x_wconf 86' lang='lat' dir='ltr'>E,</span> <span class='ocrx_word' id='word_1_106' title='bbox 725 2315 812 2380; x_wconf 85' lang='lat' dir='ltr'>Valla</span> <span class='ocrx_word' id='word_1_107' title='bbox 839 2313 1024 2402; x_wconf 75' lang='lat' dir='ltr'>diliqenler.</span> <span class='ocrx_word' id='word_1_108' title='bbox 1072 2315 1215 2396; x_wconf 85' lang='lat' dir='ltr'>Rectius,</span> <span class='ocrx_word' id='word_1_109' title='bbox 1238 2317 1271 2381; x_wconf 91' lang='lat' dir='ltr'>ui</span> <span class='ocrx_word' id='word_1_110' title='bbox 1293 2317 1392 2386; x_wconf 82' lang='lat' dir='ltr'>fallor.</span> 
     </span>
     <span class='ocr_line' id='line_1_18' title="bbox 270 2429 1394 2519; baseline -0.001 -19"><span class='ocrx_word' id='word_1_111' title='bbox 270 2433 316 2501; x_wconf 80' lang='lat' dir='ltr'>Ol.</span> <span class='ocrx_word' id='word_1_112' title='bbox 341 2435 392 2500; x_wconf 87' lang='lat' dir='ltr'>VI</span> <span class='ocrx_word' id='word_1_113' title='bbox 416 2435 457 2500; x_wconf 88' lang='grc'>91</span> <span class='ocrx_word' id='word_1_114' title='bbox 482 2435 499 2518; x_wconf 65' lang='grc' dir='ltr'><strong><em>ό</em></strong></span> <span class='ocrx_word' id='word_1_115' title='bbox 523 2435 540 2497; x_wconf 97' lang='grc'><strong>1</strong></span> <span class='ocrx_word' id='word_1_116' title='bbox 567 2429 635 2518; x_wconf 92' lang='lat' dir='ltr'>(ubi</span> <span class='ocrx_word' id='word_1_117' title='bbox 651 2430 814 2496; x_wconf 88' lang='lat' dir='ltr'>articulum</span> <span class='ocrx_word' id='word_1_118' title='bbox 830 2435 909 2495; x_wconf 84' lang='lat' dir='ltr'>recte</span> <span class='ocrx_word' id='word_1_119' title='bbox 926 2429 1007 2496; x_wconf 87' lang='lat' dir='ltr'>delet</span> <span class='ocrx_word' id='word_1_120' title='bbox 1022 2430 1151 2516; x_wconf 82' lang='lat' dir='ltr'>Cobet),</span> <span class='ocrx_word' id='word_1_121' title='bbox 1176 2434 1218 2499; x_wconf 83' lang='lat'>93</span> <span class='ocrx_word' id='word_1_122' title='bbox 1233 2436 1250 2519; x_wconf 71' lang='grc' dir='ltr'><strong><em>ό</em></strong></span> <span class='ocrx_word' id='word_1_123' title='bbox 1267 2436 1299 2513; x_wconf 95' lang='grc'><strong>1,</strong></span> <span class='ocrx_word' id='word_1_124' title='bbox 1326 2434 1394 2500; x_wconf 92' lang='lat' dir='ltr'>VII</span> 
     </span>
     <span class='ocr_line' id='line_1_19' title="bbox 271 2545 1395 2636; baseline 0.003 -22"><span class='ocrx_word' id='word_1_125' title='bbox 271 2552 315 2614; x_wconf 88' lang='grc'>44</span> <span class='ocrx_word' id='word_1_126' title='bbox 337 2553 354 2636; x_wconf 67' lang='grc' dir='ltr'><strong><em>ό</em></strong></span> <span class='ocrx_word' id='word_1_127' title='bbox 379 2551 412 2628; x_wconf 91' lang='grc'><strong>1,</strong></span> <span class='ocrx_word' id='word_1_128' title='bbox 448 2549 526 2614; x_wconf 82' lang='grc' dir='ltr'><strong><em>Χοο.</em></strong></span> <span class='ocrx_word' id='word_1_129' title='bbox 555 2545 663 2632; x_wconf 82' lang='lat' dir='ltr'>Cyrop.</span> <span class='ocrx_word' id='word_1_130' title='bbox 695 2547 727 2613; x_wconf 90' lang='lat' dir='ltr'>V</span> <span class='ocrx_word' id='word_1_131' title='bbox 751 2551 770 2612; x_wconf 92' lang='grc'><strong>2</strong></span> <span class='ocrx_word' id='word_1_132' title='bbox 797 2549 815 2633; x_wconf 66' lang='grc' dir='ltr'><strong><em>ό</em></strong></span> <span class='ocrx_word' id='word_1_133' title='bbox 842 2548 901 2625; x_wconf 79' lang='lat'>15,</span> <span class='ocrx_word' id='word_1_134' title='bbox 934 2545 1049 2614; x_wconf 85' lang='lat' dir='ltr'>Herod.</span> <span class='ocrx_word' id='word_1_135' title='bbox 1079 2548 1098 2613; x_wconf 95' lang='lat' dir='ltr'>I</span> <span class='ocrx_word' id='word_1_136' title='bbox 1130 2549 1211 2629; x_wconf 86' lang='lat'>140,</span> <span class='ocrx_word' id='word_1_137' title='bbox 1243 2551 1322 2629; x_wconf 89' lang='grc'><strong>209,</strong></span> <span class='ocrx_word' id='word_1_138' title='bbox 1356 2551 1395 2616; x_wconf 91' lang='grc' dir='ltr'>Π</span> 
     </span>
     <span class='ocr_line' id='line_1_20' title="bbox 271 2659 1392 2752; baseline 0.004 -24"><span class='ocrx_word' id='word_1_139' title='bbox 271 2665 328 2744; x_wconf 84' lang='grc'><strong>54,</strong></span> <span class='ocrx_word' id='word_1_140' title='bbox 354 2664 437 2744; x_wconf 89' lang='grc'><strong>119,</strong></span> <span class='ocrx_word' id='word_1_141' title='bbox 468 2661 522 2728; x_wconf 93' lang='lat' dir='ltr'>III</span> <span class='ocrx_word' id='word_1_142' title='bbox 542 2665 564 2726; x_wconf 94' lang='lat'>4</span> <span class='ocrx_word' id='word_1_143' title='bbox 588 2667 659 2726; x_wconf 86' lang='lat' dir='ltr'>cett.</span> <span class='ocrx_word' id='word_1_144' title='bbox 704 2659 820 2726; x_wconf 81' lang='lat' dir='ltr'>Contra</span> <span class='ocrx_word' id='word_1_145' title='bbox 843 2661 902 2726; x_wconf 92' lang='lat' dir='ltr'>dici</span> <span class='ocrx_word' id='word_1_146' title='bbox 927 2661 1005 2726; x_wconf 88' lang='lat' dir='ltr'>solet</span> <span class='ocrx_word' id='word_1_147' title='bbox 1027 2667 1222 2752; x_wconf 75' lang='grc' dir='ltr'>ἀκριβές,</span> <span class='ocrx_word' id='word_1_148' title='bbox 1253 2669 1392 2752; x_wconf 77' lang='grc' dir='ltr'>σαφές,</span> 
     </span>
     <span class='ocr_line' id='line_1_21' title="bbox 271 2777 1393 2868; baseline 0.004 -22"><span class='ocrx_word' id='word_1_149' title='bbox 271 2779 469 2862; x_wconf 74' lang='grc' dir='ltr'><strong><em>ἀτρεκές,</em></strong></span> <span class='ocrx_word' id='word_1_150' title='bbox 508 2805 566 2854; x_wconf 84' lang='grc' dir='ltr'>τι,</span> <span class='ocrx_word' id='word_1_151' title='bbox 602 2777 746 2846; x_wconf 78' lang='grc' dir='ltr'><strong><em>οὐδέν.</em></strong></span> <span class='ocrx_word' id='word_1_152' title='bbox 781 2778 913 2864; x_wconf 74' lang='grc' dir='ltr'><strong><em>μηθέν</em></strong></span> <span class='ocrx_word' id='word_1_153' title='bbox 949 2778 1073 2862; x_wconf 78' lang='grc' dir='ltr'><strong><em>λέγειν,</em></strong></span> <span class='ocrx_word' id='word_1_154' title='bbox 1106 2786 1222 2868; x_wconf 72' lang='grc' dir='ltr'><strong><em>εἰπεῖν,</em></strong></span> <span class='ocrx_word' id='word_1_155' title='bbox 1260 2791 1393 2868; x_wconf 80' lang='grc' dir='ltr'><strong><em>φράσαι,</em></strong></span> 
     </span>
     <span class='ocr_line' id='line_1_22' title="bbox 270 2891 1395 2984; baseline 0.001 -21"><span class='ocrx_word' id='word_1_156' title='bbox 270 2897 455 2973; x_wconf 66' lang='lat' dir='ltr'>nuceram,</span> <span class='ocrx_word' id='word_1_157' title='bbox 504 2891 551 2957; x_wconf 83' lang='lat' dir='ltr'>Of.</span> <span class='ocrx_word' id='word_1_158' title='bbox 576 2892 626 2958; x_wconf 86' lang='lat' dir='ltr'>VI</span> <span class='ocrx_word' id='word_1_159' title='bbox 650 2891 693 2958; x_wconf 85' lang='lat'>54</span> <span class='ocrx_word' id='word_1_160' title='bbox 715 2895 733 2978; x_wconf 67' lang='grc' dir='ltr'><strong><em>ό</em></strong></span> <span class='ocrx_word' id='word_1_161' title='bbox 756 2895 790 2972; x_wconf 89' lang='grc'><strong>1,</strong></span> <span class='ocrx_word' id='word_1_162' title='bbox 816 2893 866 2959; x_wconf 88' lang='lat' dir='ltr'>VI</span> <span class='ocrx_word' id='word_1_163' title='bbox 890 2895 932 2960; x_wconf 88' lang='grc'>82</span> <span class='ocrx_word' id='word_1_164' title='bbox 956 2895 973 2978; x_wconf 67' lang='grc' dir='ltr'><strong><em>ό</em></strong></span> <span class='ocrx_word' id='word_1_165' title='bbox 996 2895 1035 2972; x_wconf 83' lang='grc'><strong>3,</strong></span> <span class='ocrx_word' id='word_1_166' title='bbox 1059 2895 1110 2960; x_wconf 93' lang='lat' dir='ltr'>IV</span> <span class='ocrx_word' id='word_1_167' title='bbox 1126 2896 1169 2964; x_wconf 83' lang='lat'>50</span> <span class='ocrx_word' id='word_1_168' title='bbox 1193 2895 1257 2984; x_wconf 91' lang='lat' dir='ltr'>(ubi</span> <span class='ocrx_word' id='word_1_169' title='bbox 1279 2921 1296 2962; x_wconf 89' lang='lat' dir='ltr'>e</span> <span class='ocrx_word' id='word_1_170' title='bbox 1316 2898 1395 2964; x_wconf 84' lang='lat' dir='ltr'>dett.</span> 
     </span>
     <span class='ocr_line' id='line_1_23' title="bbox 267 3005 1395 3101; baseline 0.004 -26"><span class='ocrx_word' id='word_1_171' title='bbox 267 3009 354 3075; x_wconf 89' lang='lat' dir='ltr'>libris</span> <span class='ocrx_word' id='word_1_172' title='bbox 383 3006 550 3074; x_wconf 87' lang='lat' dir='ltr'>revocanda</span> <span class='ocrx_word' id='word_1_173' title='bbox 580 3007 702 3092; x_wconf 83' lang='lat' dir='ltr'>vulgata</span> <span class='ocrx_word' id='word_1_174' title='bbox 732 3014 802 3072; x_wconf 87' lang='lat' dir='ltr'>ante</span> <span class='ocrx_word' id='word_1_175' title='bbox 824 3006 999 3075; x_wconf 84' lang='lat' dir='ltr'>Bekkerum</span> <span class='ocrx_word' id='word_1_176' title='bbox 1024 3016 1051 3076; x_wconf 78' lang='grc' dir='ltr'><strong><em>εἴ</em></strong></span> <span class='ocrx_word' id='word_1_177' title='bbox 1067 3005 1124 3080; x_wconf 76' lang='grc' dir='ltr'>οὖν</span> <span class='ocrx_word' id='word_1_178' title='bbox 1154 3040 1193 3078; x_wconf 86' lang='grc' dir='ltr'>τι</span> <span class='ocrx_word' id='word_1_179' title='bbox 1217 3015 1395 3101; x_wconf 75' lang='grc' dir='ltr'><strong><em>βούλονται</em></strong></span> 
     </span>
     <span class='ocr_line' id='line_1_24' title="bbox 270 3120 1394 3213; baseline 0.006 -27"><span class='ocrx_word' id='word_1_180' title='bbox 270 3129 368 3208; x_wconf 77' lang='grc' dir='ltr'><strong><em>σαφὲς</em></strong></span> <span class='ocrx_word' id='word_1_181' title='bbox 392 3125 526 3210; x_wconf 74' lang='grc' dir='ltr'>λέγειν),</span> <span class='ocrx_word' id='word_1_182' title='bbox 550 3121 629 3187; x_wconf 91' lang='lat' dir='ltr'>Xen.</span> <span class='ocrx_word' id='word_1_183' title='bbox 653 3120 722 3207; x_wconf 85' lang='lat' dir='ltr'>Oyr.</span> <span class='ocrx_word' id='word_1_184' title='bbox 746 3122 782 3188; x_wconf 93' lang='lat' dir='ltr'>II</span> <span class='ocrx_word' id='word_1_185' title='bbox 809 3125 915 3207; x_wconf 63' lang='lat' dir='ltr'>lbi,</span> <span class='ocrx_word' id='word_1_186' title='bbox 942 3121 1036 3189; x_wconf 90' lang='lat' dir='ltr'>Mem.</span> <span class='ocrx_word' id='word_1_187' title='bbox 1060 3124 1110 3191; x_wconf 92' lang='lat' dir='ltr'>IV</span> <span class='ocrx_word' id='word_1_188' title='bbox 1134 3128 1259 3213; x_wconf 68' lang='lat'><strong>6§13‚</strong></span> <span class='ocrx_word' id='word_1_189' title='bbox 1277 3125 1394 3193; x_wconf 87' lang='lat' dir='ltr'>Herod.</span> 
     </span>
     <span class='ocr_line' id='line_1_25' title="bbox 269 3236 803 3316; baseline 0 -13"><span class='ocrx_word' id='word_1_190' title='bbox 269 3236 322 3303; x_wconf 94' lang='lat' dir='ltr'>III</span> <span class='ocrx_word' id='word_1_191' title='bbox 347 3240 405 3316; x_wconf 88' lang='grc'><strong>98,</strong></span> <span class='ocrx_word' id='word_1_192' title='bbox 431 3238 459 3301; x_wconf 92' lang='lat' dir='ltr'><strong>V</strong></span> <span class='ocrx_word' id='word_1_193' title='bbox 483 3241 521 3316; x_wconf 93' lang='grc'>9,</span> <span class='ocrx_word' id='word_1_194' title='bbox 546 3236 614 3303; x_wconf 87' lang='lat' dir='ltr'>VII</span> <span class='ocrx_word' id='word_1_195' title='bbox 639 3239 705 3302; x_wconf 90' lang='grc'>214</span> <span class='ocrx_word' id='word_1_196' title='bbox 729 3242 803 3303; x_wconf 88' lang='lat' dir='ltr'>cett.</span> 
     </span>
    </p>

    <p class='ocr_par' dir='ltr' id='par_1_7' title="bbox 271 3329 1395 3551">
     <span class='ocr_line' id='line_1_26' title="bbox 313 3329 1395 3439; baseline 0.003 -24"><span class='ocrx_word' id='word_1_197' title='bbox 313 3350 349 3415; x_wconf 87' lang='lat' dir='ltr'>P.</span> <span class='ocrx_word' id='word_1_198' title='bbox 374 3354 434 3430; x_wconf 88' lang='grc'><strong>72,</strong></span> <span class='ocrx_word' id='word_1_199' title='bbox 459 3353 492 3418; x_wconf 87' lang='grc'>5.</span> <span class='ocrx_word' id='word_1_200' title='bbox 537 3351 663 3436; x_wconf 82' lang='lat' dir='ltr'>Corrige</span> <span class='ocrx_word' id='word_1_201' title='bbox 688 3349 878 3439; x_wconf 75' lang='grc' dir='ltr'><strong><em>Ἀθήνησιν</em></strong></span> <span class='ocrx_word' id='word_1_202' title='bbox 897 3357 929 3416; x_wconf 83' lang='lat' dir='ltr'>at</span> <span class='ocrx_word' id='word_1_203' title='bbox 945 3352 1012 3419; x_wconf 90' lang='lat' dir='ltr'>dele</span> <span class='ocrx_word' id='word_1_204' title='bbox 1028 3353 1119 3418; x_wconf 86' lang='lat' dir='ltr'>verba</span> <span class='ocrx_word' id='word_1_205' title='bbox 1145 3352 1218 3434; x_wconf 76' lang='lat' dir='ltr'>„sed</span> <span class='ocrx_word' id='word_1_206' title='bbox 1236 3393 1277 3403; x_wconf 90' lang='lat'>-</span> <span class='ocrx_word' id='word_1_207' title='bbox 1294 3329 1395 3438; x_wconf 84' lang='lat' dir='ltr'>ephel-</span> 
     </span>
     <span class='ocr_line' id='line_1_27' title="bbox 271 3465 1211 3551; baseline 0 -21"><span class='ocrx_word' id='word_1_208' title='bbox 271 3465 419 3551; x_wconf 86' lang='lat' dir='ltr'>cystico.&#39;’</span> <span class='ocrx_word' id='word_1_209' title='bbox 1208 3472 1211 3478; x_wconf 83' lang='lat'><em>&#39;</em></span> 
     </span>
    </p>

    <p class='ocr_par' dir='ltr' id='par_1_8' title="bbox 275 3580 1397 3786">
     <span class='ocr_line' id='line_1_28' title="bbox 319 3580 1396 3669; baseline 0 -22"><span class='ocrx_word' id='word_1_210' title='bbox 319 3582 354 3648; x_wconf 89' lang='grc' dir='ltr'>Ρ.</span> <span class='ocrx_word' id='word_1_211' title='bbox 374 3585 414 3648; x_wconf 93' lang='grc'>72</span> <span class='ocrx_word' id='word_1_212' title='bbox 431 3580 470 3646; x_wconf 91' lang='lat' dir='ltr'>ad</span> <span class='ocrx_word' id='word_1_213' title='bbox 487 3584 528 3648; x_wconf 93' lang='grc'>22</span> <span class='ocrx_word' id='word_1_214' title='bbox 546 3584 563 3666; x_wconf 67' lang='grc' dir='ltr'><strong><em>ό</em></strong></span> <span class='ocrx_word' id='word_1_215' title='bbox 581 3585 611 3648; x_wconf 94' lang='grc'>2.</span> <span class='ocrx_word' id='word_1_216' title='bbox 642 3581 798 3667; x_wconf 89' lang='lat' dir='ltr'>Iniquiore</span> <span class='ocrx_word' id='word_1_217' title='bbox 814 3580 927 3646; x_wconf 91' lang='lat' dir='ltr'>iudicio</span> <span class='ocrx_word' id='word_1_218' title='bbox 944 3581 1066 3669; x_wconf 79' lang='lat' dir='ltr'>Krtiger</span> <span class='ocrx_word' id='word_1_219' title='bbox 1081 3582 1247 3649; x_wconf 88' lang='lat' dir='ltr'>scribarum</span> <span class='ocrx_word' id='word_1_220' title='bbox 1264 3604 1396 3648; x_wconf 87' lang='lat' dir='ltr'>errorem</span> 
     </span>
     <span class='ocr_line' id='line_1_29' title="bbox 275 3695 1397 3786; baseline 0.004 -26"><span class='ocrx_word' id='word_1_221' title='bbox 275 3696 333 3782; x_wconf 90' lang='lat' dir='ltr'>ipsi</span> <span class='ocrx_word' id='word_1_222' title='bbox 346 3695 454 3761; x_wconf 88' lang='lat' dir='ltr'>tribuit</span> <span class='ocrx_word' id='word_1_223' title='bbox 463 3695 644 3781; x_wconf 83' lang='lat' dir='ltr'>Thucydidi,</span> <span class='ocrx_word' id='word_1_224' title='bbox 657 3719 717 3761; x_wconf 91' lang='lat' dir='ltr'>nou</span> <span class='ocrx_word' id='word_1_225' title='bbox 731 3696 942 3762; x_wconf 90' lang='lat' dir='ltr'>demonstrans</span> <span class='ocrx_word' id='word_1_226' title='bbox 955 3697 1028 3764; x_wconf 89' lang='lat' dir='ltr'>alibi</span> <span class='ocrx_word' id='word_1_227' title='bbox 1041 3723 1110 3765; x_wconf 89' lang='lat' dir='ltr'>eum</span> <span class='ocrx_word' id='word_1_228' title='bbox 1123 3700 1234 3764; x_wconf 83' lang='lat' dir='ltr'>similia</span> <span class='ocrx_word' id='word_1_229' title='bbox 1246 3722 1397 3786; x_wconf 81' lang='lat' dir='ltr'>peccasse.</span> 
     </span>
    </p>

    <p class='ocr_par' dir='ltr' id='par_1_9' title="bbox 275 3811 1396 4022">
     <span class='ocr_line' id='line_1_30' title="bbox 318 3811 1396 3899; baseline 0.001 -24"><span class='ocrx_word' id='word_1_230' title='bbox 318 3811 353 3875; x_wconf 91' lang='lat' dir='ltr'>P.</span> <span class='ocrx_word' id='word_1_231' title='bbox 379 3815 420 3878; x_wconf 90' lang='grc'>72</span> <span class='ocrx_word' id='word_1_232' title='bbox 443 3811 481 3876; x_wconf 89' lang='lat' dir='ltr'>ad</span> <span class='ocrx_word' id='word_1_233' title='bbox 504 3834 566 3895; x_wconf 90' lang='lat' dir='ltr'>cap.</span> <span class='ocrx_word' id='word_1_234' title='bbox 593 3813 634 3877; x_wconf 82' lang='grc'>26</span> <span class='ocrx_word' id='word_1_235' title='bbox 658 3819 734 3878; x_wconf 83' lang='lat' dir='ltr'>extr.</span> <span class='ocrx_word' id='word_1_236' title='bbox 771 3812 934 3878; x_wconf 85' lang='lat' dir='ltr'>Contrario</span> <span class='ocrx_word' id='word_1_237' title='bbox 957 3836 1057 3879; x_wconf 90' lang='lat' dir='ltr'>errore</span> <span class='ocrx_word' id='word_1_238' title='bbox 1081 3812 1163 3899; x_wconf 92' lang='lat' dir='ltr'>apud</span> <span class='ocrx_word' id='word_1_239' title='bbox 1179 3812 1338 3878; x_wconf 89' lang='lat' dir='ltr'>Platonem</span> <span class='ocrx_word' id='word_1_240' title='bbox 1364 3812 1396 3876; x_wconf 94' lang='lat' dir='ltr'>iu</span> 
     </span>
     <span class='ocr_line' id='line_1_31' title="bbox 275 3924 1232 4022; baseline 0.005 -33"><span class='ocrx_word' id='word_1_241' title='bbox 275 3924 391 4009; x_wconf 82' lang='lat' dir='ltr'>Gorgia</span> <span class='ocrx_word' id='word_1_242' title='bbox 413 3948 442 4022; x_wconf 92' lang='lat' dir='ltr'>p.</span> <span class='ocrx_word' id='word_1_243' title='bbox 467 3927 531 3992; x_wconf 86' lang='lat'>465</span> <span class='ocrx_word' id='word_1_244' title='bbox 556 3935 585 3993; x_wconf 83' lang='lat' dir='ltr'><em>E</em></span> <span class='ocrx_word' id='word_1_245' title='bbox 608 3948 663 4011; x_wconf 90' lang='lat' dir='ltr'>pro</span> <span class='ocrx_word' id='word_1_246' title='bbox 687 3929 873 4014; x_wconf 78' lang='grc' dir='ltr'><strong><em>ἐξηγήσεως</em></strong></span> <span class='ocrx_word' id='word_1_247' title='bbox 896 3928 1010 4014; x_wconf 86' lang='lat' dir='ltr'>legitur</span> <span class='ocrx_word' id='word_1_248' title='bbox 1034 3931 1232 4015; x_wconf 75' lang='grc' dir='ltr'><strong><em>διηγήσεως.</em></strong></span> 
     </span>
    </p>

    <p class='ocr_par' dir='ltr' id='par_1_10' title="bbox 274 4039 1400 4357">
     <span class='ocr_line' id='line_1_32' title="bbox 319 4039 1397 4127; baseline 0.003 -24"><span class='ocrx_word' id='word_1_249' title='bbox 319 4039 354 4103; x_wconf 90' lang='grc' dir='ltr'>Ρ.</span> <span class='ocrx_word' id='word_1_250' title='bbox 380 4040 422 4105; x_wconf 82' lang='grc'>79</span> <span class='ocrx_word' id='word_1_251' title='bbox 445 4039 482 4104; x_wconf 89' lang='lat' dir='ltr'>ad</span> <span class='ocrx_word' id='word_1_252' title='bbox 507 4042 548 4106; x_wconf 87' lang='grc'>32</span> <span class='ocrx_word' id='word_1_253' title='bbox 572 4041 589 4124; x_wconf 65' lang='grc' dir='ltr'><strong><em>ό</em></strong></span> <span class='ocrx_word' id='word_1_254' title='bbox 613 4044 644 4107; x_wconf 90' lang='lat'>4.</span> <span class='ocrx_word' id='word_1_255' title='bbox 680 4041 757 4106; x_wconf 85' lang='lat' dir='ltr'>Vide</span> <span class='ocrx_word' id='word_1_256' title='bbox 781 4049 883 4108; x_wconf 83' lang='lat' dir='ltr'>tamen</span> <span class='ocrx_word' id='word_1_257' title='bbox 906 4045 939 4110; x_wconf 92' lang='lat' dir='ltr'>V</span> <span class='ocrx_word' id='word_1_258' title='bbox 957 4047 998 4110; x_wconf 93' lang='grc'>22</span> <span class='ocrx_word' id='word_1_259' title='bbox 1024 4046 1293 4121; x_wconf 75' lang='grc' dir='ltr'><strong><em>ἐπισπόνόεσθαι,</em></strong></span> <span class='ocrx_word' id='word_1_260' title='bbox 1314 4043 1397 4127; x_wconf 90' lang='lat' dir='ltr'>qnod</span> 
     </span>
     <span class='ocr_line' id='line_1_33' title="bbox 276 4153 1400 4240; baseline 0.004 -22"><span class='ocrx_word' id='word_1_261' title='bbox 276 4160 308 4218; x_wconf 89' lang='lat' dir='ltr'>et</span> <span class='ocrx_word' id='word_1_262' title='bbox 333 4153 433 4238; x_wconf 89' lang='lat' dir='ltr'>ipsum</span> <span class='ocrx_word' id='word_1_263' title='bbox 460 4155 595 4240; x_wconf 83' lang='lat' dir='ltr'>exemplo</span> <span class='ocrx_word' id='word_1_264' title='bbox 623 4164 710 4222; x_wconf 90' lang='lat' dir='ltr'>caret.</span> <span class='ocrx_word' id='word_1_265' title='bbox 757 4157 827 4222; x_wconf 90' lang='lat' dir='ltr'>Nisi</span> <span class='ocrx_word' id='word_1_266' title='bbox 856 4157 932 4224; x_wconf 82' lang='lat' dir='ltr'>forte</span> <span class='ocrx_word' id='word_1_267' title='bbox 960 4159 1040 4224; x_wconf 93' lang='lat' dir='ltr'>idem</span> <span class='ocrx_word' id='word_1_268' title='bbox 1063 4159 1095 4223; x_wconf 91' lang='lat' dir='ltr'>in</span> <span class='ocrx_word' id='word_1_269' title='bbox 1120 4159 1176 4223; x_wconf 91' lang='lat' dir='ltr'>hoo</span> <span class='ocrx_word' id='word_1_270' title='bbox 1199 4156 1290 4222; x_wconf 87' lang='lat' dir='ltr'>verbo</span> <span class='ocrx_word' id='word_1_271' title='bbox 1314 4180 1400 4223; x_wconf 88' lang='lat' dir='ltr'>error</span> 
     </span>
     <span class='ocr_line' id='line_1_34' title="bbox 274 4267 1398 4357; baseline 0.003 -25"><span class='ocrx_word' id='word_1_272' title='bbox 274 4267 401 4334; x_wconf 87' lang='lat' dir='ltr'>obtinet.</span> <span class='ocrx_word' id='word_1_273' title='bbox 449 4268 502 4333; x_wconf 85' lang='lat' dir='ltr'>Sin</span> <span class='ocrx_word' id='word_1_274' title='bbox 531 4289 598 4334; x_wconf 84' lang='lat' dir='ltr'>vero</span> <span class='ocrx_word' id='word_1_275' title='bbox 624 4276 703 4335; x_wconf 87' lang='lat' dir='ltr'>recta</span> <span class='ocrx_word' id='word_1_276' title='bbox 726 4271 983 4356; x_wconf 86' lang='lat' dir='ltr'>interpretantur:</span> <span class='ocrx_word' id='word_1_277' title='bbox 1010 4292 1169 4340; x_wconf 78' lang='lat' dir='ltr'>renovare</span> <span class='ocrx_word' id='word_1_278' title='bbox 1184 4272 1307 4357; x_wconf 74' lang='lat' dir='ltr'>foedata,</span> <span class='ocrx_word' id='word_1_279' title='bbox 1333 4273 1398 4336; x_wconf 84' lang='lat' dir='ltr'>fieri</span> 
     </span>
    </p>
   </div>
   <div class='ocr_carea' id='block_1_7' title="bbox 272 4382 1401 4566">
    <p class='ocr_par' dir='ltr' id='par_1_11' title="bbox 272 4382 1401 4566">
     <span class='ocr_line' id='line_1_35' title="bbox 272 4382 1401 4472; baseline 0.006 -27"><span class='ocrx_word' id='word_1_280' title='bbox 272 4382 388 4469; x_wconf 90' lang='lat' dir='ltr'>possit,</span> <span class='ocrx_word' id='word_1_281' title='bbox 413 4389 448 4447; x_wconf 89' lang='lat' dir='ltr'>ut</span> <span class='ocrx_word' id='word_1_282' title='bbox 472 4388 737 4455; x_wconf 77' lang='grc' dir='ltr'><strong><em>ἓπισπονόαί</em></strong></span> <span class='ocrx_word' id='word_1_283' title='bbox 761 4386 803 4452; x_wconf 91' lang='lat' dir='ltr'>sic</span> <span class='ocrx_word' id='word_1_284' title='bbox 827 4387 924 4452; x_wconf 90' lang='lat' dir='ltr'>dictae</span> <span class='ocrx_word' id='word_1_285' title='bbox 948 4388 1027 4468; x_wconf 89' lang='lat' dir='ltr'>siut,</span> <span class='ocrx_word' id='word_1_286' title='bbox 1052 4388 1133 4472; x_wconf 91' lang='lat' dir='ltr'>quod</span> <span class='ocrx_word' id='word_1_287' title='bbox 1159 4387 1326 4454; x_wconf 84' lang='lat' dir='ltr'>identidem</span> <span class='ocrx_word' id='word_1_288' title='bbox 1351 4409 1401 4452; x_wconf 90' lang='lat' dir='ltr'>re-</span> 
     </span>
     <span class='ocr_line' id='line_1_36' title="bbox 274 4496 569 4566; baseline -0.01 0"><span class='ocrx_word' id='word_1_289' title='bbox 274 4496 432 4566; x_wconf 84' lang='lat' dir='ltr'>novandae</span> <span class='ocrx_word' id='word_1_290' title='bbox 456 4503 569 4563; x_wconf 85' lang='lat' dir='ltr'>essent.</span> 
     </span>
    </p>
   </div>
   <div class='ocr_carea' id='block_1_8' title="bbox 0 0 1594 5230">
    <p class='ocr_par' dir='ltr' id='par_1_12' title="bbox 0 0 1594 5230">
     <span class='ocr_line' id='line_1_37' title="bbox 0 0 1594 5230; baseline 0 0"><span class='ocrx_word' id='word_1_291' title='bbox 0 0 1594 5230; x_wconf 95' lang='lat' dir='ltr'> </span> 
     </span>
    </p>
   </div>
  </div>
 </body>
</html>
