3166 5230
814 503 878 568 146

289 687 428 754 sodalitia
461 689 505 754 sic
538 689 621 754 nude
658 688 718 754 dici
748 693 959 770 πλεονεξίαν,
993 689 1130 773 quemvis
1163 688 1279 774 optime
1311 689 1411 770 dicas,

287 823 414 872 αιινανιι
438 824 503 872 cccc
527 803 719 871 avaritiam.
767 805 834 870 Nec
856 807 1028 890 πλεονεξίᾳ
1052 811 1098 868 est
1128 803 1255 870 Dativus
1278 805 1411 893 finctis,

289 917 374 982 ouius
398 918 518 982 nullum
543 940 670 1004 usquam
695 926 819 986 certum
838 926 940 984 exstat
962 919 1152 1002 exemplum,
1176 919 1230 984 sed
1254 921 1411 988 caucalis.

287 1030 423 1096 Avaritia
447 1033 527 1098 enim
550 1042 616 1102 τῶν
642 1045 796 1102 τοιοιίτων
813 1035 977 1117 συλλόγων
995 1055 1083 1098 cause
1098 1055 1163 1096 esse
1186 1040 1269 1098 recte
1285 1034 1409 1100 dicitur.

287 1144 377 1226 Quod
400 1147 460 1212 iam
482 1146 519 1211 ad
542 1150 681 1232 ὠφελίας
704 1149 816 1214 attinet
838 1148 923 1236 (nam
943 1148 1105 1232 quominus
1120 1147 1256 1212 Classeni
1279 1147 1408 1214 Geneti-

284 1281 356 1326 vum
379 1284 397 1326 a
422 1271 502 1348 μετά
533 1263 598 1348 regi
627 1263 762 1348 putantis
792 1262 1004 1346 interpretatio
1034 1284 1104 1325 vera
1135 1261 1194 1340 sit,
1219 1259 1320 1326 obstat
1343 1261 1433 1345 ipsa'

284 1374 445 1440 vorborum
469 1379 678 1463 oppositorum
704 1377 806 1463 [παρὰ
831 1382 904 1453 τούς
933 1377 1157 1460 καθεστῶτας]
1186 1374 1296 1460 ratio),
1326 1396 1410 1438 nuno

284 1490 382 1554 lenius
405 1498 437 1556 et
458 1492 497 1556 ob
519 1492 691 1577 oppositum
714 1494 885 1576 πλεονεξίᾳ
909 1490 1009 1575 aptius
1035 1489 1258 1574 rescripserim:
1282 1491 1408 1573 ὠφελίᾳ

286 1605 460 1692 (ὠφελείᾳ).
507 1605 555 1670 Cf.
578 1605 596 1669 I
620 1607 684 1672 123
708 1608 725 1691 b
749 1610 778 1671 2.
802 1613 843 1674 τὰ
869 1611 927 1692 μέν
951 1610 1042 1694 φόβῳ
1064 1611 1105 1672 τὰ
1131 1605 1160 1670 δ’
1182 1607 1341 1690 ὠφελίᾳ.
1363 1641 1408 1653 -

283 1719 332 1785 Ib.
355 1723 372 1804 d
397 1725 416 1786 2
440 1730 603 1807 ἄμεινον
629 1723 695 1806 (pro
718 1723 883 1806 ἀμείνους)
906 1726 964 1796 τὰς
987 1726 1119 1803 γνώμας
1143 1723 1252 1808 έχουσι
1277 1717 1406 1798 conieci,

283 1835 364 1920 quod
386 1858 492 1901 sensus
515 1843 577 1901 est:
601 1835 720 1904 mellus
738 1843 816 1902 cunt
839 1834 999 1914 animati,
1024 1854 1101 1900 non:
1118 1832 1269 1900 meliores
1284 1831 1408 1900 babent

281 1949 473 2016 contentius.

326 2063 374 2130 Ib.
407 2064 445 2128 ad
474 2065 516 2131 85
544 2064 614 2130 init.
654 2064 801 2128 Similiter
829 2064 930 2128 locum
960 2062 1106 2148 intelligit
1138 2061 1278 2141 Classen,
1314 2083 1404 2146 quem

281 2185 383 2244 temen
408 2179 517 2245 dubito
540 2203 579 2245 an
603 2179 676 2244 satis
696 2175 895 2265 probabiliter
912 2179 1016 2244 eodem
1038 2201 1129 2243 sensu
1148 2177 1276 2263 accipiat
1297 2177 1404 2262 vulga-

282 2300 354 2359 tam.
381 2294 413 2358 Si
432 2295 511 2358 nihil
530 2302 687 2380 peccatum
711 2301 757 2358 est
781 2317 799 2358 a
822 2292 946 2374 scribis,
971 2316 1040 2358 cum
1055 2293 1200 2378 Poppone
1214 2299 1246 2356 et
1263 2290 1407 2376 Kriigcro

282 2408 416 2473 alludere
438 2410 616 2494 scriptorem
641 2408 810 2494 putaverim
833 2407 871 2471 ad
894 2429 928 2472 ea
949 2429 1025 2492 quae
1042 2413 1206 2472 narrantur
1221 2405 1268 2470 IV
1282 2410 1325 2475 46
1342 2409 1357 2490 l
1375 2412 1406 2473 1.

325 2523 398 2608 Gap.
423 2527 465 2591 88
489 2526 504 2607 t
532 2526 563 2590 1.
608 2524 690 2588 Part.
718 2530 809 2603 ὄντες
841 2521 927 2588 abest
952 2545 970 2588 a
999 2521 1084 2588 libris
1112 2493 1315 2606 quibusdam,
1349 2544 1408 2587 nec

281 2635 411 2703 fortasse
432 2638 595 2703 immerito.

325 2752 399 2837 (lep.
426 2755 468 2820 89
484 2754 501 2838 ᾧ
518 2755 557 2819 5:
582 2757 689 2821 αἴτιον
715 2749 744 2819 δ’
765 2756 866 2835 ἔγωγε
886 2756 1006 2837 νομίζω
1020 2760 1075 2820 τοῦ
1096 2759 1259 2834 τοιοιίτοα,
1280 2745 1301 2840 ᾖ
1320 2759 1406 2842 ἰσχν-

280 2876 414 2956 ρότατος
437 2874 455 2935 ό
477 2873 628 2953 σεισμὸς
652 2871 778 2949 ἐγένετο
786 2915 795 2946 ,
820 2874 903 2934 κατὰ
926 2876 1020 2934 τοῦτο
1045 2866 1256 2934 ἀποστέλλειν
1283 2891 1316 2934 τε
1344 2873 1406 2950 τὴν

282 2984 454 3050 θάλασσαν
471 2989 526 3049 καί
543 2986 698 3068 ἐξαπίνης
716 2983 817 3051 πάλιν
843 2984 1115 3069 ἐπισπωμένην
1140 2987 1323 3069 βιαιότερον
1343 2990 1404 3066 τὴν

282 3099 451 3165 ἐπίκλησιν
468 3107 606 3165 ποιεῖν.
636 3095 771 3160 Omnino
789 3095 982 3160 scribendum
999 3094 1119 3159 videtur
1135 3097 1405 3183 ἐπισπωμένης

283 3210 336 3294 (sc.
362 3221 417 3296 τῆς
439 3212 637 3298 θαλάσσης),
670 3217 704 3275 ut
728 3211 898 3276 subiectum
925 3211 1118 3296 intelligatur
1140 3218 1206 3280 τὸν
1231 3221 1402 3297 σεισμόν,

279 3329 316 3413 ut
338 3324 550 3392 ἀποστέλλειν
576 3325 632 3403 sit,
657 3324 737 3408 quod
762 3347 880 3410 semper
902 3331 934 3389 et
949 3326 1062 3410 ubique
1077 3326 1155 3403 luit,
1173 3325 1298 3390 verbum
1321 3332 1403 3389 tran·

280 3437 420 3520 altinum,
446 3445 482 3502 ut
503 3446 584 3504 recto
609 3439 716 3505 habeat
738 3452 855 3512 ποιεῖν.
903 3439 1170 3520 Quemadmodum
1195 3440 1275 3506 enim
1303 3448 1403 3525 ἠθά-

279 3557 380 3623 λασσα
420 3563 479 3640 την
508 3556 676 3626 ἐπίκλησιν
708 3567 852 3624 ποιεῖται
883 3591 924 3620 =
954 3557 1131 3635 ἐπικλύζει,
1163 3555 1206 3619 sic
1231 3560 1249 3620 ό
1279 3562 1404 3639 σεισμός

277 3667 393 3734 Graece
417 3669 562 3734 dicendus
586 3678 632 3735 est
654 3680 715 3756 τὴν
741 3672 910 3740 ἐπίνλοσιν
935 3681 1078 3739 ποιεῖν.
1143 3727 1145 3730 .
1465 3737 1469 3742 .

321 3785 395 3870 Gap.
421 3789 462 3852 92
486 3789 503 3872 b
528 3789 557 3853 1.
602 3788 881 3873 μελλήσαντες-
901 3791 1175 3873 προσθεῖναι.
1210 3780 1403 3866 Thucydides

276 3907 360 3986 tanta
383 3903 556 3968 constantia
582 3902 708 3968 verbum
731 3904 862 3989 μέλλειν
886 3899 990 3985 iungit
1013 3921 1082 3964 curn
1110 3896 1268 3962 infinitivo
1290 3894 1400 3960 Futuri

276 4022 329 4080 aut
342 4017 528 4096 Praesentis,
550 4023 585 4081 ut
606 4017 686 4082 haud
709 4017 847 4081 dubitem
863 4038 966 4082 rerum
986 4037 1050 4080 esso
1066 4015 1294 4100 προστιθέναι.
1318 4011 1401 4076 Loco

276 4127 302 4192 V
326 4132 367 4198 98
384 4137 457 4211 τοιλς
480 4134 514 4200 δὲ
536 4134 616 4220 μηδὲ
639 4135 933 4220 μελλήσοντας
958 4133 1169 4214 γενέσθαι
1195 4127 1255 4190 iam
1279 4125 1352 4190 Olim
1367 4125 1401 4189 in

277 4243 333 4308 Ex.
354 4243 430 4310 Orit.
452 4269 481 4331 p.
508 4248 571 4312 155
597 4247 686 4357 docui
707 4247 850 4313 librarios
874 4245 1047 4312 confudisse
1072 4243 1315 4330 μέλλοντας
1341 4269 1402 4325 γε·

276 4336 424 4472 νίσσεται
450 4426 517 4468 oum
535 4352 773 4489 μίλληίίντας
797 4408 1014 4491 γενέσθαι.
1049 4401 1098 4467 Ibi
1122 4400 1202 4466 enim
1226 4401 1401 4485 μελλήσον-

276 4544 334 4595 τας
358 4518 464 4601 procul
489 4517 582 4583 dubio
606 4519 747 4587 vitiosum
770 4528 826 4587 est.
853 4519 1025 4600 Quominns
1052 4525 1154 4581 tamen
1179 4521 1310 4580 statuam
1328 4537 1398 4578 oum

276 4627 393 4704 Cobeto
423 4634 538 4699 Aoristi
560 4643 630 4724 post
663 4639 793 4730 μέλλειν
818 4659 908 4703 usum
939 4656 994 4721 per
1024 4656 1056 4698 se
1082 4631 1228 4698 vitiosum
1256 4651 1323 4696 esso
1351 4652 1398 4696 me
