3190 5232
732 493 771 558 21

187 677 272 744 lectis
307 679 432 744 Oriticis
467 679 556 744 verba
580 684 662 748 οὕτω
686 687 716 744 et
739 685 818 748 ὥστε
844 720 884 730 -—
908 685 1075 766 προσιέναι
1100 681 1202 746 Naher
1231 682 1307 748 mihi

99 821 102 830 ’
188 797 368 862 monstravit
399 797 500 862 locum
531 797 625 862 Cassii
660 796 767 860 Dionis
792 797 850 880 (ed.
875 797 968 860 Dind.
993 798 1050 860 vol.
1076 797 1092 860 Ι
1116 821 1144 882 p.
1171 801 1226 883 14)
1253 799 1305 883 qui

186 913 348 996 manifesto
371 935 387 976 e
410 912 586 1000 Thucydide
610 935 767 997 expressus
789 917 846 976 est.
870 911 1019 976 Scribitur
1042 912 1124 977 euim
1145 913 1207 978 sic:
1231 916 1305 982 dvo·

186 1028 340 1112 προσοδός
362 1055 394 1093 τε
418 1033 471 1093 καὶ
495 1029 748 1114 ὃνσπροσήγορος
769 1025 975 1112 (Tarquinius)
1000 1028 1052 1111 ἦν,
1079 1036 1134 1094 καὶ
1158 1041 1195 1112 τῆ
1212 1033 1306 1114 ὑπερ-

186 1147 268 1227 οψίᾳ
291 1153 330 1226 τῇ
355 1139 382 1207 τ’
406 1143 546 1228 ὠμότητι
571 1150 709 1231 τοσαύτῃ
732 1149 833 1229 πρὸς
854 1151 980 1218 πάντας
1004 1147 1155 1226 ὁμοίως
1180 1149 1303 1232 ἐχρῆτο,

186 1259 264 1323 ὥστε
290 1264 343 1322 καὶ
371 1261 574 1342 ὑπερήφανος
600 1239 656 1324 ἀπ’
684 1260 793 1324 αὐτῶν
820 1259 1051 1344 ἐπικληθῆναι.
1086 1257 1307 1342 Indaprimum

186 1369 355 1456 Thucydidi
387 1369 473 1434 reddi
508 1378 629 1454 potest,
663 1371 744 1455 quod
776 1370 932 1455 aliquanto
963 1373 1070 1437 melius
1100 1380 1165 1445 est,
1195 1382 1306 1463 ἐχρῆτο

185 1493 286 1572 πρὸς
323 1495 449 1562 πάντας
479 1491 612 1571 ὁμοίως.
643 1485 754 1550 deinde
776 1486 832 1549 hoc
859 1493 1000 1570 apparet,
1030 1487 1119 1552 verba
1147 1493 1251 1556 οὕτω
1275 1497 1305 1554 et

184 1604 285 1669 ὥστε
310 1606 454 1683 sequente
478 1600 636 1664 infinitivo
659 1600 739 1684 apud
762 1606 899 1664 nostrum
918 1601 1023 1684 utique
1039 1603 1198 1666 retinenda
1225 1626 1307 1668 esse.

184 1718 394 1782 Nihilominus
417 1717 497 1780 haud
521 1715 611 1780 facile
636 1716 754 1780 credam
779 1715 876 1780 Thuc.
901 1722 969 1800 post
988 1715 1066 1780 illud
1085 1721 1305 1804 δυσπρόσοδον

185 1832 313 1898 scribere
338 1831 496 1916 potuisse:
520 1834 599 1898 ὥστε
622 1834 746 1917 μηδένα
774 1834 937 1899 δύνασθαι
963 1835 1202 1918 προσιέναι.
1254 1831 1306 1896 Ul-

185 1949 260 2012 tima
293 1971 349 2011 vox
378 1951 518 2030 corrupta
541 1945 662 2009 videtur
684 1944 777 2029 idque
800 1945 925 2009 fortasse
948 1968 985 2010 ax
1011 1949 1305 2033 προσομιλεῖν.

184 2064 230 2130 Cf.
269 2064 303 2128 H
338 2065 378 2128 37
411 2067 608 2150 ἀνεπαχθῶς
634 2066 667 2129 δὲ
697 2065 831 2129 solidior
856 2064 1212 2149 προσομιλοῦντες
1240 2070 1304 2130 κτέ.

186 2179 368 2245 Audiendus
392 2200 452 2242 non
477 2183 524 2240 est
547 2176 684 2260 Kriiger,
708 2177 842 2262 expungi
865 2176 973 2242 iubens
998 2201 1060 2245 voc.
1080 2181 1308 2255 detractarent

184 2297 352 2381 προσιέναι
376 2292 415 2356 sit
439 2316 456 2356 a
482 2298 644 2379 προσίημι.
693 2291 788 2370 Quasi
805 2315 874 2356 vero
894 2293 939 2359 cd
953 2315 986 2360 ae
1001 2295 1177 2361 admittere
1192 2295 1306 2358 Graece

184 2413 353 2498 προσιέναι
382 2409 436 2482 sit,
465 2429 525 2472 uon
549 2415 754 2492 προσίεσθαι.

228 2524 301 2609 Cap.
327 2525 390 2590 131
418 2529 494 2588 exn.
520 2527 621 2600 ἔξεστι
647 2525 681 2590 δὲ
703 2534 770 2599 τοῖς
792 2498 917 2611 ἐφόροις
936 2531 992 2594 τὸν
1010 2526 1173 2614 βασιλέα
1191 2527 1304 2610 δρᾶσαι

185 2649 290 2708 τοῦτο.
318 2638 505 2722 Scholiasta:
531 2645 584 2704 καὶ
608 2645 671 2722 μὴν
696 2641 752 2704 οὐκ
778 2637 816 2720 ἦν
846 2641 995 2732 βασιλεύς
1020 2640 1091 2705 αλλ’
1116 2644 1300 2722 ἐπίτροπος.

184 2756 346 2839 Propterea
366 2753 425 2816 iam
452 2753 574 2816 Bremio
598 2752 673 2816 haec
697 2752 786 2816 verba
808 2759 946 2836 suspecta
961 2755 1094 2818 fuerunt.
1121 2755 1152 2817 si
1172 2754 1304 2836 genuina

183 2877 273 2944 sunt,
298 2867 489 2934 scribendum
514 2874 607 2931 certe:
636 2874 699 2934 καὶ
726 2874 783 2935 τὸν
809 2869 1039 2954 destitutio.
1068 2869 1118 2935 oet
1141 2889 1258 2948 reparo.

226 2985 299 3068 Cap.
325 2986 388 3050 132
415 2985 431 3065 d
457 2984 487 3047 3.
509 2990 563 3049 τοῦ
583 2983 695 3065 μέντοι
717 2986 912 3050 Πανσανέσν
933 2985 1075 3070 οἰὸέκημα
1101 2982 1171 3068 alal
1198 2989 1304 3050 τοῦτ’

183 3104 285 3168 ἐδόκει
319 3099 413 3166 εἶναι.
449 3097 572 3161 Classen
608 3095 739 3159 coniecit

183 3221 251 3282 καὶ
278 3215 398 3295 (τότε)
419 3239 519 3278 τοντ

183 3339 337 3412 ειστήκει.
374 3328 484 3412 πολλῷ
518 3326 643 3410 μᾶλλον
672 3333 851 3410 παρόμοιον
877 3335 1067 3412 πραχθῆναι
1094 3333 1242 3409 ἐφαίνετο
1265 3339 1304 3413 τῇ

181 3451 324 3532 παρούσῃ
352 3444 497 3524 διανοίᾳ.
520 3480 557 3490 -
578 3441 753 3523 Sequuntur
770 3440 858 3504 haec:
881 3447 1110 3511 ἐπυνθάνοντο
1133 3446 1238 3509 δὲκαὶ
1265 3451 1303 3522 ἐς

182 3565 255 3634 τούς
280 3559 427 3632 Εἵλωτας
451 3565 603 3641 πράσσειν
629 3583 661 3622 τι
687 3559 787 3643 αὐτῷ.
819 3554 973 3620 scribatur
997 3557 1046 3621 hic
1067 3580 1186 3642 quoquc
1203 3568 1302 3644 πρὸς·

181 3673 228 3736 Of.
252 3671 436 3752 ssepa,
462 3668 509 3732 VI
534 3671 573 3734 61
600 3671 665 3751 dh.

225 3785 298 3872 Cap.
325 3787 387 3850 133
410 3786 427 3867 d
449 3787 478 3848 1.
495 3788 739 3870 σκηνησαμένον
764 3784 797 3864 (l.
828 3789 1075 3871 σνηνωσαμένον
1094 3809 1161 3850 cum
1177 3789 1246 3874 Kr.)
1260 3827 1304 3838 -

182 3903 340 3988 ναλιέβην,
368 3907 399 3977 ἐς
424 3907 464 3984 ἣν
489 3906 553 3966 τῶν
578 3906 698 3986 ἐφόρων
724 3905 846 3977 ἐντός
867 3929 962 3978 τινας
989 3905 1122 3992 ἔκρυψε.
1149 3903 1303 3968 Constans

181 4016 354 4082 Atticorum
377 4037 442 4079 mos
467 4013 592 4097 requirit
616 4016 752 4084 ἔνδον,
781 4020 815 4076 ut
829 4023 909 4078 recte
930 4014 1044 4096 legitur
1060 4037 1124 4098 cap.
1143 4019 1206 4081 134
1223 4017 1302 4082 med.

182 4131 218 4196 ln
248 4137 382 4194 extremo
417 4129 515 4213 capita
545 4128 609 4212 ipse
639 4126 799 4191 verborum
829 4127 901 4192 ordo
926 4129 1052 4193 damnat
1076 4129 1214 4215 putidum
1241 4153 1302 4194 em·

181 4245 279 4309 hleura
306 4245 339 4307 in
375 4243 488 4307 verbis:
516 4244 599 4308 ἀλλὰ
628 4247 739 4309 πίστιν
774 4243 823 4324 [ἐκ
854 4249 909 4308 τοῦ
936 4243 1034 4326 ἱεροῦ]
1066 4243 1212 4318 διδόντος
1249 4255 1303 4328 τῆς

182 4366 396 4436 ἀναστάσεως.
431 4357 565 4421 Sollenni
599 4377 655 4420 usu
679 4356 827 4440 supplices
852 4357 911 4421 dici
929 4363 1130 4425 ἀνίστασθαι
1149 4358 1304 4442 ignoravit

182 4474 234 4558 qui
263 4474 338 4536 haec
362 4472 434 4536 olim
457 4472 624 4556 adscripsit.
650 4472 697 4537 Of.
723 4474 785 4538 137
810 4473 827 4556 d
853 4476 881 4537 1.

226 4585 384 4671 Cap.134
408 4586 425 4667 d
450 4587 479 4651 3.
506 4594 560 4653 καὶ
585 4591 684 4654 αὐτὸν
710 4588 888 4673 ἐμέλλησαν
911 4591 970 4671 μὲν
996 4592 1026 4666 ές
1048 4593 1104 4653 τὸν
1129 4588 1296 4666 Καιάδαν,
