3190 5232
789 431 831 498 56

249 617 429 702 Eustathius
452 616 490 682 ad
514 615 572 682 Od.
600 646 620 684 α
648 637 678 701 p.
708 617 805 681 1421.
832 614 940 701 Inepte
964 615 1060 680 otiosa
1085 623 1159 682 sunt
1184 622 1254 704 post
1277 618 1367 684 verba

249 734 349 799 vicina
372 738 408 802 ἔκ
430 761 463 800 τε
492 741 559 800 τοῦ
583 738 813 816 οἰκήματος
837 769 881 778 -
904 733 1038 810 ἐξιέναι.

294 848 342 914 Ib.
366 852 382 934 d
407 848 435 914 3.
458 852 512 914 καί
534 846 583 930 [ἐκ
600 844 656 911 del.
674 845 741 931 Kr.]
761 847 883 915 κλινῶν
900 875 1013 921 τινοον,
1033 854 1067 914 αἵ
1088 849 1201 936 ἔτυχον
1219 853 1368 926 αὐτοῖς

251 971 388 1034 ἐνοῦσαι.
423 961 530 1026 Malim
566 963 693 1028 αὐτοῦ
730 961 793 1024 sive
831 963 1008 1039 αὐτόθι,
1046 960 1126 1046 quod
1158 961 1282 1046 perinde
1306 967 1367 1040 est,

251 1077 394 1162 quoniam
418 1083 544 1162 utraque
567 1077 661 1140 forma
685 1077 833 1161 promisce
853 1075 1046 1162 Thucydides
1069 1076 1176 1143 utitur.
1200 1077 1246 1144 cf.
1269 1076 1368 1145 1104

252 1199 347 1271 exta,
372 1190 467 1257 Arist.
489 1190 573 1256 Nub.
604 1193 668 1257 210
689 1213 732 1275 sq.

297 1306 346 1372 Ib.
370 1308 387 1390 5
412 1307 440 1374 5.
464 1312 602 1394 ἵναπερ
626 1344 670 1354 -
692 1309 840 1394 ὥρμηντο
866 1311 897 1368 et
922 1327 989 1390 cap.
1017 1306 1058 1368 74
1084 1305 1101 1386 5
1123 1306 1141 1369 1
1165 1310 1303 1391 ἵναπερ
1329 1343 1369 1352 -

251 1425 409 1510 ὥρμηντο.
456 1420 482 1484 Ε
505 1421 657 1484 constanti
681 1443 736 1485 usn
759 1420 932 1484 Atticorum
959 1417 1150 1484 rescriberem
1176 1418 1282 1505 οἵπερ,
1311 1419 1372 1484 uisi

252 1537 316 1623 ipsa
352 1537 423 1600 haec
451 1535 525 1600 vitia
555 1534 666 1600 iudicio
701 1535 801 1599 forent
832 1534 978 1598 ludificari
1002 1556 1057 1598 nos
1092 1533 1245 1600 falsarium
1269 1534 1371 1599 nescio

253 1673 361 1737 quem,
386 1649 439 1735 qui
463 1672 498 1714 ea
522 1649 612 1716 vcrba
637 1650 725 1735 plane
749 1650 849 1714 otiosa
873 1648 909 1712 dc
933 1670 987 1712 sno
1011 1648 1170 1714 addiderit.
1196 1648 1237 1712 Et
1253 1648 1284 1715 in
1306 1671 1371 1734 cap.
1432 1629 1437 1640 ⁸

255 1769 297 1832 74
321 1788 355 1830 ca
381 1787 429 1830 res
452 1765 542 1829 etiam
567 1764 739 1829 evidentior
754 1770 800 1829 ost
812 1770 934 1849 propter
946 1762 1084 1828 additum
1097 1761 1258 1828 articulum
1271 1764 1370 1830 verbis

254 1890 329 1968 τὴν
352 1887 403 1950 ἐπί
431 1887 559 1972 Θρμκῃς
583 1885 754 1968 στρατείαν
779 1884 1025 1968 παρεσκεύαζεν.
1064 1880 1179 1946 Eodem
1200 1880 1370 1966 aequiorum

254 1996 350 2062 abusu
373 1994 511 2080 arguitur
535 2019 576 2060 vs.
602 1995 761 2060 manifesto
781 1995 901 2079 spurius
916 1995 947 2059 in
969 1993 1180 2081 Aristophanis
1197 1995 1289 2060 Pluto
1307 1997 1372 2062 584

253 2117 325 2181 ἵνα
350 2149 392 2159 -
411 2115 604 2199 ξυναγείρει.
642 2111 750 2174 Restat
772 2117 873 2174 tamen
898 2108 976 2195 apud
1001 2107 1138 2176 nostrum
1158 2111 1268 2176 tertius
1286 2111 1372 2176 locus

255 2225 303 2290 VI
324 2227 365 2292 98
390 2227 404 2310 §
429 2229 448 2290 ἵ
474 2232 615 2314 ἐχώρουν
641 2231 718 2313 πρὸς
742 2232 800 2310 τὴν
825 2234 938 2308 Συκῆν
964 2228 995 2292 οἱ
1012 2229 1198 2312 Ἀθηναῖοι
1220 2232 1378 2310 ἵναπερ

258 2345 471 2429 καθεζόμενοι
504 2346 663 2429 ἐτείχισαν
689 2348 745 2410 τὸν
778 2341 912 2420 κιίκλον,
938 2339 991 2404 ubi
1021 2339 1161 2404 similiter
1184 2346 1300 2427 ἵναπερ
1324 2361 1380 2424 pro

257 2458 346 2545 οἵπερ
374 2456 435 2543 legi
460 2455 578 2520 videtur
599 2455 750 2540 Kriigero.
780 2455 812 2519 Si
832 2478 879 2520 mc
904 2455 1011 2534 audis,
1035 2463 1090 2519 aut
1115 2462 1231 2543 ἵναπερ
1252 2455 1383 2539 iungen-

257 2573 329 2639 dum
353 2578 400 2636 est
423 2592 492 2635 cum
509 2575 682 2659 ἐτείχισαν,
703 2578 764 2646 aut,
784 2569 866 2656 quod
881 2569 999 2649 malim,
1023 2569 1235 2655 corrigendum
1252 2571 1383 2659 οἷπερ.

257 2686 359 2752 Facile
394 2707 430 2751 er
463 2691 861 2754 ΑΘΗΝΑΙΟΙΟΙΠΕΡ
888 2685 953 2750 fieri
981 2685 1084 2770 potnit
1115 2691 1382 2755 ΑΘΗΝΑΙΟΙ·

255 2811 373 2879 ΠΕΡ,
407 2806 438 2863 et
473 2798 582 2863 deinde
607 2799 793 2887 Ἀθηναῖοι
811 2829 868 2885 περ
896 2799 972 2865 male
997 2800 1106 2885 corrigi
1131 2800 1164 2864 in
1193 2800 1380 2887 Ἀθηναῖοι

258 2915 414 3003 (ἵνα)περΙ

303 3029 378 3115 Gap.
403 3030 445 3096 53
469 3035 545 3093 extr.
571 3034 629 3113 τὴν
651 3035 848 3112 Λακωνικὴν
870 3021 965 3113 ἧσσον
988 3029 1128 3097 ε’λιίπουν
1147 3035 1181 3096 ἐκ
1198 3031 1380 3119 θαλάσσης,

261 3138 339 3234 ᾗπερ
363 3152 462 3231 μόνον
492 3143 581 3212 οἷόν
605 3145 634 3208 τ’
659 3143 697 3229 ἦν
723 3154 986 3229 κακουργεῖσθαι.
1024 3142 1092 3207 Imo
1113 3150 1182 3212 οἵα
1206 3153 1234 3212 τ’
1253 3145 1291 3230 ἦν
1317 3153 1383 3212 ati.

303 3262 376 3347 Cap.
400 3262 453 3328 54.
476 3268 529 3328 καὶ
556 3253 647 3346 εὗρον
665 3262 1284 3362 αὐτούςἐστρατοπεδευμένους.
1319 3259 1385 3323 Ma·

259 3378 312 3443 lim
338 3376 872 3463 ἐξεστρατοπεὸευμένους.
897 3373 940 3440 Cf.
966 3376 1029 3440 129
1055 3373 1134 3439 mod.
1162 3373 1259 3438 Initio
1276 3374 1385 3458 capitia

262 3513 421 3558 numerum
439 3490 673 3578 δισχιλίοις
689 3488 778 3552 rumis
795 3510 939 3572 magnum
957 3511 1020 3553 esse
1035 3488 1251 3554 animadvertit
1266 3488 1380 3574 Poppo.

261 3607 369 3672 Latere
393 3604 530 3690 suspicor
553 3609 852 3690 τετρακοσίοις·
884 3603 924 3688 (o‘
949 3626 1002 3688 pro
1028 3625 1076 3688 u„
1101 3627 1172 3668 nam
1197 3604 1240 3669 sic
1265 3603 1327 3670 fere
1351 3605 1382 3672 iu

260 3720 394 3807 antiquis
428 3719 516 3786 libris
539 3725 680 3783 exaratur
702 3722 736 3808 β)
761 3755 804 3768 -
831 3720 996 3800 ὁπλίταις,
1025 3741 1114 3804 quem
1140 3742 1297 3786 numerum
1322 3744 1384 3786 non

262 3858 326 3901 esse
352 3835 432 3900 iusto
456 3834 602 3898 minorem
626 3832 781 3899 indecem
804 3855 895 3898 nares
917 3841 1041 3918 apparet
1058 3856 1085 3901 v.
1109 3857 1134 3900 c.
1151 3857 1187 3899 ex
1203 3834 1250 3900 VI
1269 3838 1287 3900 7
1305 3837 1383 3902 med.

262 3957 357 4021 ναυσί
384 3959 621 4036 τριάκοντα
646 3954 714 4015 καί
740 3953 987 4028 ἑξακοσίοις
1011 3951 1173 4028 ὁπλίταις.
1199 3948 1244 4014 Of.
1272 3950 1319 4014 IV
1341 3952 1385 4019 53

262 4065 331 4132 init.
356 4064 405 4128 Ad
428 4071 518 4147 caput
541 4070 709 4128 extremum
736 4063 774 4129 cf.
804 4063 874 4127 adn.
896 4062 934 4126 ad
958 4061 1011 4127 ΙΠ
1036 4066 1054 4127 7
1080 4065 1097 4145 p
1123 4066 1152 4128 1.

307 4178 380 4264 Cap.
416 4179 457 4244 55
492 4181 509 4261 d
539 4182 565 4243 2.
594 4179 614 4247 †
640 4180 783 4249 ὁπλιτῶν
809 4181 935 4263 πλῆθος
955 4183 999 4257 ὠς
1023 4183 1214 4268 ἑκασταχόσε
1239 4179 1318 4248 ἔθει.
1350 4180 1386 4246 Ιι.

263 4298 408 4369 ὅσονῒ
432 4291 508 4355 Mox
539 4313 593 4375 pro
617 4300 672 4360 τοῦ
697 4298 749 4362 ἐπί
785 4305 824 4380 τῇ
849 4302 932 4379 νήσῳ
957 4301 1086 4371 πάθους
1113 4314 1184 4378 pace
1208 4291 1386 4357 Herbstiie

265 4408 351 4474 codd.
388 4407 569 4492 quibusdam
599 4408 743 4493 recipiam
778 4414 839 4486 ἐν,
867 4415 902 4472 ut
934 4415 1107 4474 constanter
1131 4419 1151 4495 χ’
1174 4414 1216 4478 ἐν
1240 4418 1280 4495 τῇ
1300 4423 1384 4497 νήσῳ
1416 4491 1422 4502 .

265 4529 410 4611 ξυμφορὰ
434 4546 452 4588 a
473 4523 567 4590 Thac.
594 4529 777 4589 memoratur
800 4545 868 4588 cum
891 4521 964 4588 alibi
988 4529 1053 4588 tum
1076 4523 1108 4587 in
1131 4523 1189 4589 hoc
1202 4523 1269 4609 ipso
1284 4522 1383 4609 capite
