3190 5232
829 489 870 554 22

287 686 334 762 οὗ
343 721 415 776 περ
444 693 517 768 τούς
544 691 751 771 κακοιλργσυς,
778 682 1016 770 ε’μβάλλειν.
1062 680 1151 746 Licet
1174 681 1288 766 optima
1311 681 1406 746 Grae·

288 831 356 875 cum
380 806 436 883 sit,
464 807 587 868 nonest
611 797 841 884 Thucydideum
859 798 1046 885 ἐμβάλλειν
1068 803 1111 877 ε’ς,
1138 796 1191 860 sed
1207 799 1404 886 ἐσβάλλειν,

278 917 369 1009 ‘quod
395 926 476 985 reete
507 921 665 983 servarunt
691 913 764 998 libri¹
789 912 965 977 deteriores.
1013 911 1172 996 Nusquam
1198 912 1279 976 enim
1303 919 1407 994 noster

287 1037 376 1102 verba
400 1034 564 1119 composita
588 1054 654 1096 cum
670 1051 771 1113 praep.
797 1035 838 1096 ἐν
861 1027 1012 1092 construit
1033 1049 1102 1091 cnm
1122 1028 1345 1112 praepositione
1362 1038 1404 1106 ἐς,

288 1153 340 1217 sed
365 1155 538 1216 constanter
558 1170 625 1212 cum
650 1145 769 1209 Dativo.
817 1143 1009 1244 Quapropter
1034 1143 1124 1207 etiam
1149 1143 1184 1207 ΙΙ
1203 1147 1245 1210 48
1270 1146 1406 1228 βΙΡοε·

287 1291 387 1354 peram
411 1264 569 1331 scribitur:
596 1263 627 1348 (ἡ
652 1260 755 1342 νόσος)
786 1267 816 1336 ἐς
842 1266 901 1341 τὴν
926 1260 1022 1326 πόλιν
1047 1295 1087 1305 -
1113 1262 1251 1329 ἐνέπεσε
1270 1266 1301 1324 et
1317 1260 1407 1325 corri-

288 1383 421 1470 gendum
447 1383 596 1448 ἐσέπεσε.
628 1375 786 1439 Praeterea
810 1373 894 1451 loco,
919 1395 1008 1456 quem
1030 1379 1211 1454 tractamus,
1233 1398 1288 1460 pro
1304 1370 1409 1462 οὗπερ

287 1498 406 1582 requiro
441 1496 563 1579 οἷπερ,
595 1498 626 1555 et
654 1489 795 1554 similiter
827 1492 844 1570 d
872 1488 1057 1572 elegerim:
1081 1495 1098 1556 o‘
1122 1491 1156 1556 δὲ
1182 1496 1258 1569 θεὸς
1283 1529 1325 1539 -
1351 1502 1408 1560 τόν

287 1643 319 1681 τε
355 1621 457 1696 τάφον
494 1615 625 1694 ὕστερον
662 1610 771 1692 ἔχρησε
808 1615 875 1680 τοῖς
911 1607 1184 1689 Λακεδαιμονίοις
1206 1619 1408 1692 μετενεγκεῖν

287 1728 408 1811 οἷπερ
436 1727 598 1803 ἀπέθανε,
623 1745 676 1808 per
698 1721 908 1786 attractionem
933 1743 987 1805 pro
1012 1729 1146 1790 ἐκεῖσε
1171 1715 1217 1791 οὗ
1225 1753 1307 1809 περ.

333 1838 406 1927 Cap.
440 1842 502 1906 137
536 1842 553 1922 d
587 1843 616 1904 l.
641 1849 767 1916 τοῖς-
794 1835 996 1923 Ἀθηναίοις
1022 1839 1153 1905 ἐλθοῦσι
1180 1841 1411 1907 καὶπολλὰ

288 1967 480 2027 εἰποῦσιν
509 1958 565 2022 οὐκ
595 1956 755 2021 ἐκδίδωσι.
782 1953 855 2015 urat
880 1973 973 2034 quum
997 1952 1179 2036 suspicarer:
1205 1961 1274 2021 καῖ
1297 1930 1410 2022 πόλλ’

287 2077 540 2145 οἷπειλσάσιν
568 2074 634 2156 (καὶ
662 2093 753 2136 sensu
776 2070 955 2154 intensivo).
1001 2067 1046 2134 cf.
1071 2068 1154 2133 VIII
1181 2071 1231 2135 33.
1269 2068 1410 2155 Langnet

288 2189 495 2256 enim'nescio
519 2186 671 2274 quomodo
692 2183 805 2248 tradita
828 2183 986 2268 scriptura.
1033 2184 1154 2248 Certius
1179 2191 1225 2248 est
1249 2185 1410 2269 iuterpola·

288 2307 370 2371 tione
393 2305 526 2369 laborare
551 2304 568 2384 d
593 2304 629 2366 2:
654 2303 760 2376 δείσας
778 2302 889 2383 φράζει
913 2308 957 2385 τῷ
976 2301 1147 2386 ναυκλήρῳ
1163 2305 1250 2378 ὅστις
1269 2307 1335 2368 ἐστὶ
1354 2307 1407 2368 καὶ

289 2418 331 2488 δι’
357 2428 378 2488 ά
402 2426 510 2503 φεύγει
532 2425 586 2485 καὶ
611 2424 638 2483 εἰ
662 2425 703 2501 μὴ
733 2422 825 2482 σώσει
851 2416 951 2482 αὐτον
978 2415 1067 2500 [ἔφη]
1092 2419 1175 2498 ἐρεῖν
1199 2421 1251 2482 ὅτι
1274 2428 1407 2504 χρήμασι

288 2539 432 2614 πεισάελς
453 2538 552 2602 αὐτὸν
569 2540 653 2614 ἄγει.
671 2529 852 2612 Praegresso
872 2529 952 2594 enim
965 2528 1056 2593 verbo
1073 2528 1263 2613 significandi
1276 2531 1408 2594 otiosum

288 2655 333 2712 est
360 2652 440 2734 ἔφη,
469 2646 550 2732 quod
573 2652 674 2710 menta
706 2643 902 2729 repetendum
927 2666 943 2706 e
967 2648 1098 2730 apaten
1138 2644 1218 2718 Nam
1242 2644 1286 2708 sic
1308 2644 1409 2708 solent

287 2769 404 2827 veteres
429 2761 526 2825 Attici
550 2784 665 2825 omnes.

331 2876 404 2961 Cap.
430 2877 493 2941 138
518 2876 535 2957 δ
557 2877 585 2940 3.
612 2883 667 2942 καὶ
691 2877 908 2959 διαφερόντως
925 2905 956 2942 τι
975 2883 1005 2954 ἐς
1026 2882 1104 2945 αὐτὸ
1125 2877 1262 2962 [μᾶλλον
1279 2879 1405 2961 ἑτέρου]

286 2996 376 3071 ἄξιος
411 2999 594 3076 θαυμάσαι.
633 2989 779 3054 Deleatur
801 2989 1109 3074 interpretamentum
1135 2990 1273 3055 vocabuli
1299 2993 1408 3074 διαφε·

286 3121 417 3192 ροντως.
444 3105 549 3169 simile
575 3104 721 3169 emblema
745 3104 914 3169 tollendum
935 3104 971 3168 II
988 3107 1045 3180 60,
1068 3103 1120 3168 ubi
1137 3105 1285 3170 Pericles:
1304 3111 1331 3174 εἴ
1353 3135 1408 3189 μοι

288 3228 341 3288 καὶ
363 3226 496 3306 μέσως
523 3229 693 3306 ἡγούμενοι
721 3222 859 3305 [μᾶλλον
886 3222 1017 3304 ἑτέρων]
1048 3233 1214 3306 προσεῖναι
1240 3225 1323 3290 αὐτὰ
1352 3250 1407 3288 πο·

287 3337 392 3418 λεμεῖν
419 3338 601 3421 ἐπείσθητε,
627 3333 678 3399 ubi
701 3335 809 3398 summi
837 3335 893 3396 viri
922 3334 1104 3399 modestiam
1129 3336 1286 3400 offuscavit
1314 3358 1410 3400 anno-

287 3449 375 3514 tandi
385 3449 491 3513 libido.
515 3449 581 3534 Ope
595 3449 733 3512 codicum
745 3449 804 3512 iam
814 3447 937 3532 Krttger
947 3450 1066 3514 sanavit
1076 3451 1177 3514 locum
1189 3451 1254 3515 VH
1264 3454 1305 3517 29
1316 3458 1389 3516 extr.
1402 3479 1408 3515 :

288 3572 342 3632 καὶ
366 3568 510 3650 ξυμφορὰ
534 3575 573 3650 τῇ
595 3565 684 3630 πόλει
710 3573 794 3651 πάσῃ
821 3565 970 3648 οὐδεμιᾶς
996 3573 1097 3649 ἥσσων
1123 3567 1259 3651 [μᾶλλον
1282 3569 1407 3652 ἑτέρας]

287 3683 444 3766 α’δόκητος
473 3707 506 3745 τε
539 3680 691 3746 ἐπέπεσεν
721 3683 802 3764 αὕτη
830 3685 882 3745 καὶ
910 3681 1011 3763 δεινή.
1049 3679 1187 3764 Denique
1214 3679 1409 3764 corrigendus

286 3796 370 3859 locus
394 3793 439 3856 IV
461 3795 495 3858 3:
520 3802 564 3878 τῷ
592 3795 625 3859 δὲ
655 3795 864 3883 διάφορόν
890 3823 920 3861 τι
945 3797 1046 3862 ἐδόκει
1068 3794 1151 3864 εἶναι
1176 3805 1269 3864 τοῦτο
1293 3803 1328 3865 το“
1351 3826 1410 3885 χω·

287 3915 356 3996 ρίον
384 3911 507 3995 [ἑτέρου
530 3908 669 3993 μᾶλλον]
685 3909 823 3994 λιμένος
848 3937 880 3975 τε
907 3916 1083 3991 προσόντος
1109 3916 1175 3976 aad·
1201 3945 1244 3957 —
1273 3908 1410 3993 Sequun-

287 4033 338 4089 tur
360 4027 451 4089 haec:
475 4029 579 4108 οἷκείᾳ
605 4031 664 4108 γάρ
687 4025 812 4101 ξυνέσει
839 4063 879 4072 -
905 4029 969 4092 τῶν
994 4053 1027 4090 τε
1050 4034 1244 4111 παραχρῆμα
1269 4023 1312 4090 δι’
1337 4026 1411 4092 ε’λα-

288 4145 397 4228 χίστης
431 4141 549 4226 βουλῆς
584 4147 751 4221 κράτιστος
785 4146 921 4222 γνώμων
955 4144 1010 4205 καὶ
1045 4143 1110 4206 τῶν
1144 4141 1328 4220 μελλόντων
1358 4145 1410 4206 ἐπὶ

288 4255 438 4320 πλεῖστον
466 4253 534 4335 [τοῦ
554 4254 770 4336 γενησομένου
792 4251 852 4315 duo
872 4251 959 4314 codd.
976 4250 1091 4315 habent
1110 4252 1141 4316 in
1157 4254 1231 4336 mg]
1253 4259 1410 4336 εἰκαστής·

289 4375 343 4434 καλ
376 4374 397 4434 ά
420 4374 479 4452 μὲν
503 4373 582 4449 μετά
609 4376 715 4454 χεῖρας
741 4369 808 4453 ἔχοι
834 4372 889 4431 καὶ
916 4371 1136 4452 ἐξηγήσασθαι
1159 4375 1227 4446 οἷός
1251 4397 1300 4444 τε,
1322 4364 1368 4439 ὧν
1385 4372 1412 4437 δ’

287 4489 419 4567 ἄπειρος
444 4485 507 4567 εἴη,
534 4491 641 4566 κρῖναι
665 4485 784 4557 ἱκανῶς
807 4481 864 4547 οὐκ
885 4482 1073 4562 α’πήλλακτο
1096 4511 1162 4549 κτε.
1212 4482 1322 4546 Parum
1340 4506 1410 4568 pro·

289 4598 405 4662 ficimus
429 4597 562 4681 Krtigeri
584 4595 757 4660 coniectura
781 4594 910 4658 delentis
934 4596 1070 4660 voculam
1096 4605 1150 4663 καὶ
1167 4602 1408 4684 οάάποστιγμήν
