3190 5232
729 509 769 572 31

186 707 323 785 μονῆσαι
355 724 388 762 τε
420 701 438 763 ό
470 700 539 782 βίος
570 701 684 781 ὁμοίως
714 703 768 763 καὶ
791 692 832 762 εὖ
855 699 1105 782 τελευτῆσαι
1131 697 1200 780 (pro
1221 699 1307 762 ἐνσε-

187 814 339 896 λεοτῆσαι
363 810 409 874 ita
433 809 616 894 corrigebam
641 812 699 874 An.
724 810 794 874 crit.
815 833 843 894 p.
861 814 900 891 4,
916 812 1035 875 nescius
1058 811 1136 875 hano
1155 811 1306 874 coniectu-

186 949 248 990 ram
272 947 434 1010 occupasse
457 925 646 1011 Popponcm)
673 930 691 1005 ξ
700 938 946 1014 ομμειρηθῇ
973 930 1039 1013 (pro
1059 928 1306 1013 ξονεμετρήθη).

229 1039 302 1125 Cap.
327 1043 368 1106 48
393 1043 407 1124 §
433 1044 462 1105 1.
487 1040 567 1104 Vide
591 1040 628 1104 ad
653 1039 669 1103 I
695 1042 759 1105 134
783 1045 797 1124 6
822 1045 851 1106 3.

229 1155 302 1240 (lap.
327 1157 370 1221 50
393 1163 471 1220 extr.
498 1164 665 1241 τεκμήριον
680 1156 732 1222 δέ·
750 1163 815 1224 τῶν
831 1161 890 1241 μὲν
908 1162 1061 1223 τοιούτων
1078 1158 1222 1240 ὀρνίθων
1241 1161 1306 1221 nti.

186 1271 210 1334 ll
234 1269 385 1334 constanti
410 1269 595 1334 Graecorum
619 1269 840 1334 consuetudine
863 1276 932 1355 post
953 1275 1012 1355 μὲν
1036 1268 1135 1334 insere
1160 1277 1233 1356 γάρ.

229 1384 299 1471 Oap.
333 1388 375 1452 52
410 1389 424 1468 t
457 1389 488 1450 1.
521 1391 555 1453 ἐν
584 1382 743 1471 καλύβαις
766 1397 953 1471 πνιγηραῖς.
978 1384 1026 1447 Ad
1050 1405 1112 1446 rem
1138 1382 1176 1446 cl.
1200 1381 1305 1446 Livius

185 1499 238 1563 III
273 1503 291 1566 6
323 1502 337 1582 §
368 1502 406 1563 3:
439 1519 548 1563 auxere
574 1498 728 1582 (Romani)
757 1499 818 1563 vim
842 1498 939 1563 morbi
963 1505 1075 1562 terrore
1100 1497 1305 1582 populationis

184 1613 342 1700 pecoribus
374 1612 604 1698 agrestibusque
628 1614 660 1677 in
686 1613 790 1678 urbem
814 1614 966 1698 acceptior
991 1635 1026 1677 ea
1050 1612 1205 1676 conclusio
1230 1612 1306 1676 mix·

185 1739 285 1794 torum
309 1728 407 1792 omnir
432 1728 550 1812 generis
574 1727 776 1791 animantium
800 1736 832 1792 et
856 1728 949 1792 odore
973 1727 1097 1792 insolito
1121 1726 1252 1792 urbanos
1275 1733 1306 1791 et

184 1851 331 1928 agrestem
350 1843 517 1908 confertum
540 1843 572 1906 in
597 1848 662 1906 arta
685 1849 765 1906 tecte
788 1850 875 1907 aestu
898 1866 933 1908 ac
952 1842 1064 1927 vIgiliis
1081 1842 1214 1928 angebat
1230 1848 1302 1907 cett.

228 1959 302 2043 Oap.
326 1959 369 2024 54
392 1961 406 2041 t
430 1960 459 2023 3.
484 1956 561 2020 Vide
584 1957 622 2020 ad
645 1957 680 2020 ΙΙ
705 1959 724 2024 5
748 1961 762 2041 §
787 1962 817 2024 3.

228 2074 300 2157 Cap.
340 2076 381 2140 60
411 2076 425 2156 ξ
452 2075 482 2137 4.
514 2078 549 2150 ὃς
582 2073 711 2150 οὐδενός
741 2078 850 2158 οἴομαι
880 2081 981 2159 ἥσσων
1015 2073 1099 2143 εἶναι
1124 2113 1168 2122 -
1186 2083 1303 2143 ταῦτα.

184 2188 329 2251 Imitatur
367 2187 396 2252 h.
434 2186 455 2250 l.
489 2185 548 2249 Dio
572 2185 696 2251 Cassius
720 2188 825 2253 XLIV
850 2192 892 2255 38
917 2191 931 2272 t
957 2192 976 2255 6
1002 2189 1142 2255 erLru
1167 2193 1181 2274 §
1205 2193 1236 2256 4.
1261 2215 1304 2236 —·

183 2302 232 2366 lb.
270 2305 285 2385 ᾖ
313 2305 332 2368 2
362 2303 458 2370 πόλιν
489 2339 532 2348 -
563 2303 640 2369 καθ’
661 2305 799 2371 Γἕκαστον
828 2303 940 2384 (insere
968 2308 1040 2389 μὲν)
1069 2308 1134 2371 τῶν
1159 2304 1303 2372 πολιτῶν

183 2421 418 2504 εὐπραγοῦσαν,
453 2423 580 2504 ἁθρόαν
611 2420 644 2484 δὲ
678 2420 915 2507 σφαλλομένην.
942 2418 988 2482 Ad
1012 2421 1102 2484 linem
1130 2418 1239 2504 capitis
1266 2417 1301 2483 cl.

183 2532 251 2596 adn.
277 2530 315 2596 ad
343 2531 360 2595 I
385 2533 459 2598 138.

227 2647 298 2731 Cap.
333 2649 373 2713 61
398 2649 412 2731 §
437 2651 467 2712 λ.
496 2655 550 2713 καὶ
577 2650 719 2730 ἐγὼμὲν
743 2653 760 2711 ό
787 2649 882 2723 αὐτός
906 2654 969 2732 εἰμι
1005 2685 1049 2694 -
1071 2650 1299 2736 μεταβάλλετε.

181 2763 337 2828 Imitaudo
360 2762 509 2848 expressit
535 2762 593 2826 Dio
615 2761 792 2826 XXXVIII
812 2766 855 2827 44
880 2767 894 2846 §
917 2766 948 2828 4.
988 2762 1103 2828 Graeca
1127 2763 1224 2826 oratio
1241 2784 1302 2826 non

182 2887 229 2942 est
254 2900 330 2962 quae
350 2877 498 2961 leguntur
519 2878 552 2940 in
574 2879 634 2942 fine
657 2880 687 2960 ξε
709 2887 847 2962 ταπεινὴ
872 2884 960 2964 ὑμῶν
985 2890 1005 2965 η’
1029 2881 1159 2947 διάνοια
1189 2885 1303 2965 ε’γιιαρ-

183 3004 285 3080 τερεῖν
306 3001 326 3063 οἳ
351 2999 517 3076 ἕγνιοσετ
538 2993 612 3070 erit,
633 2992 658 3055 si
684 2992 856 3076 scripseris:
877 2994 925 3071 οἷς
950 2997 1080 3074 ἔγνωτε.
1097 2993 1173 3077 Cap.
1194 2995 1234 3058 75
1252 2995 1302 3075 §l

183 3107 284 3171 malim
320 3117 386 3186 τοῖς
419 3107 584 3193 δένδρεσιν
610 3109 671 3184 οἷς
695 3129 749 3191 pro
772 3114 793 3174 c‘i
819 3112 955 3196 ἔκοψαν.
1005 3107 1080 3172 Mox
1105 3107 1244 3172 deleatur
1268 3114 1303 3174 τό

183 3231 254 3288 ante
274 3225 413 3306 πλείστῳ
439 3224 625 3310 παραλόγῳ.

228 3339 301 3424 Cap.
340 3340 381 3403 62
414 3340 429 3421 t
457 3341 486 3403 1.
516 3337 692 3422 Corrigatur
719 3337 804 3400 locus
833 3335 953 3400 hiulcus
977 3333 1153 3399 scribendo:
1183 3341 1240 3404 τὸν
1266 3338 1301 3402 δὲ

184 3462 285 3521 πόνον
314 3457 372 3520 τόν
409 3459 493 3520 κατὰ
519 3460 575 3520 τόν
599 3453 739 3537 πόλεμον
766 3454 1075 3540 (φοβουμένοις)
1100 3459 1141 3537 μὴ
1167 3453 1304 3537 γένηταί

184 3599 216 3636 τε
244 3570 343 3644 πολός
365 3573 422 3635 καί
444 3570 538 3637 οὐδὲν
559 3569 683 3653 μᾶλλον
701 3576 961 3655 περιγενώμεθα,
980 3571 1116 3655 οἰριιείτω
1131 3572 1191 3653 μὲν
1207 3571 1304 3650 όμῐν

185 3691 238 3750 καὶ
271 3689 379 3751 ἐκεῖνα
404 3691 438 3751 ἐν
463 3682 509 3761 οἷς
530 3685 647 3750 ἄλλοτε
672 3684 828 3758 πολλάκις
857 3710 891 3763 γε
921 3683 959 3764 δὴ
988 3683 1146 3760 α’πέόειξα
1172 3681 1229 3747 οὐκ
1253 3682 1302 3764 όρ·

185 3806 251 3875 θῶς
277 3801 376 3866 αὐτόν
404 3803 667 3884 ὑποπτευόμενον
693 3805 758 3865 ari.

228 3910 302 3996 Cap.
328 3911 369 3976 65
393 3913 407 3994 §
429 3914 457 3976 λ.
481 3915 611 3998 ὕστερον
636 3912 663 3978 δ’
691 3907 789 3988 αὖθις
817 3913 852 3976 οὐ
878 3910 999 3994 πολλῷ,
1014 3914 1117 3992 ὅπερ
1133 3909 1222 3991 φιλεῖ
1236 3910 1304 3992 ὅμι-

185 4025 238 4101 λος
262 4037 380 4104 ποιεῖν,
406 4032 585 4113 στρατηγόν
611 4027 736 4095 εἵλοντο
760 4024 921 4088 Periclem.
946 4022 1053 4087 Minus
1077 4028 1214 4086 accurate
1231 4021 1304 4086 sori-

184 4141 268 4206 bitur
286 4148 383 4228 όπερ,
411 4143 492 4228 quod
520 4143 635 4227 optime
665 4139 755 4205 habet
785 4139 817 4201 in
842 4139 1016 4216 sententia,
1041 4137 1138 4222 qualis
1161 4144 1207 4202 est
1232 4141 1306 4201 noto

185 4257 251 4322 loco
275 4258 355 4344 apud
379 4257 625 4342 Aristophanem:
649 4257 843 4345 χρέμπτεται
857 4260 917 4340 γὰρ
930 4257 991 4341 ἤδη
1013 4253 1017 4341 Ι
1036 4259 1115 4335 ὅπερ
1133 4252 1256 4321 ποιοῦσ’
1275 4255 1306 4318 oi

186 4381 324 4456 ῥήτορες,
350 4370 422 4453 quia
444 4373 662 4458 χρέμπτονται
681 4374 712 4437 οἱ
732 4376 882 4456 &prooem
907 4374 959 4432 aut
979 4367 1075 4433 Thuc.
1092 4366 1175 4431 VIII
1193 4369 1209 4431 1
1227 4371 1303 4429 extr.

188 4484 244 4548 Sed
268 4506 373 4568 porum
397 4490 476 4548 recte
504 4484 533 4549 h.
559 4487 581 4549 l.
607 4491 684 4573 ὅπερ
708 4483 935 4567 interpreteris:
961 4488 1140 4571 στρατηγὸν
1169 4484 1303 4548 ἑλέσθαι

187 4605 242 4670 τόν
267 4602 443 4689 Περικλέα.
469 4598 571 4679 Quare
595 4607 647 4665 aut
670 4606 776 4686 ὥσπερ
801 4597 990 4666 scribendum
1014 4604 1068 4664 aut
1091 4597 1232 4688 οἷόνπερ.
1256 4594 1302 4661 Of.
