3166 5230
839 513 880 576 98

340 702 412 788 Cap.
439 704 480 767 34
505 705 519 786 ᾗ
539 705 569 767 6.
594 711 749 789 τροπαῖον
767 704 904 786 ἔστησαν
924 701 980 784 [ὡς
1006 703 1173 788 νικῶντες]
1197 708 1228 768 et
1250 704 1264 786 ᾗ
1288 703 1415 789 liern-

297 845 356 888 σαν
380 829 596 903 τροπαῖον-
616 817 673 901 [ec
697 819 913 902 νικήσαντες].
961 815 1040 882 Vide
1063 817 1101 881 ad
1123 816 1159 880 Π
1183 819 1256 902 926
1281 817 1312 880 3.
1346 815 1416 880 Hoc

181 1008 186 1019 ¹
297 935 477 1000 emblemate
500 934 578 999 male
601 933 742 998 turbatur
764 932 921 1017 legitimus
944 933 1104 998 verborum
1127 933 1209 996 ordo.
1234 971 1278 980 -
1297 931 1347 996 Ad
1362 933 1414 1017 62

299 1049 336 1114 cf.
361 1047 431 1112 adn.
458 1047 496 1112 ad
520 1069 583 1132 cap.
608 1048 650 1112 23
674 1049 726 1128 §3
750 1052 827 1112 extr.
845 1048 921 1130 -6
947 1049 966 1112 6
990 1031 1264 1118 ἀποπλευσάντων
1282 1050 1316 1116 δέ
1335 1047 1416 1132 [τῶν

298 1164 526 1250 Ἀθηναέεον].

342 1276 415 1362 Cap.
440 1266 524 1359 366
549 1279 581 1341 2.
607 1267 709 1364 ᾧπερ
733 1283 869 1364 τρόπῳ
890 1283 989 1343 aulul
1015 1284 1190 1364 Κορίνθιοι
1212 1283 1418 1345 ἐπισκευασά-

295 1421 386 1479 μενοι
420 1392 624 1482 [πρῴραθεν]
659 1398 875 1480 ἐναυμάχουν.
932 1391 988 1457 uh.
1024 1392 1129 1457 saltem
1164 1391 1333 1477 scripsisset
1366 1399 1415 1458 τοὶ

296 1517 480 1594 πρῴραθεν.
529 1505 587 1570 Sed
622 1506 728 1589 procul
762 1504 854 1569 dubio
889 1511 934 1570 est
965 1506 1206 1573 additamentum
1238 1506 1369 1592 petitum
1399 1527 1416 1568 e

295 1620 500 1704 sequentibus.
516 1619 663 1706 -Apud
687 1620 785 1687 Schol.
808 1620 847 1686 ad
868 1623 884 1706 6
905 1623 924 1687 5
949 1625 1028 1691 ὥστε
1049 1629 1090 1707 μὴ
1111 1623 1279 1710 περιπλεῖν
1296 1619 1415 1702 corrige

296 1744 427 1824 περιττὴ
452 1738 486 1804 δε
510 1743 587 1822 πρὸς
607 1742 642 1804 τὸ
665 1745 706 1823 μὴ
730 1737 898 1824 περιπλεῖν
920 1745 1007 1822 ἡμὴ
1033 1737 1100 1821 (pro
1116 1739 1187 1823 μία)
1213 1739 1383 1820 α’πόφασις.

341 1848 413 1934 Osp.
438 1853 480 1915 42
505 1851 566 1934 (5.
590 1856 653 1919 ὃτι
673 1861 798 1939 τάχος
822 1851 954 1916 alienum
969 1851 1091 1916 videtur
1113 1851 1151 1916 ab
1174 1851 1319 1915 idiomate
1334 1848 1415 1913 Thu·

297 1964 432 2050 cydideo.
479 1965 585 2029 Malim
607 1971 657 2033 ὃτι
685 1965 855 2053 τάχιστ’.

339 2078 411 2165 Osp.
437 2082 480 2144 44
496 2081 513 2165 δ
530 2083 560 2146 6.
584 2080 658 2149 ὥστ’
676 2087 704 2147 εἴ
723 2086 782 2165 μὲν
803 2083 968 2169 ἐντυχοιέν
982 2078 1210 2164 (Athenienses)
1233 2103 1297 2146 τισι
1314 2081 1415 2164 κρείσ-

294 2221 368 2272 σους
392 2202 483 2273 ὄντες
503 2203 569 2262 τῶν
594 2195 767 2278 πολεμίων,
796 2196 966 2277 διέφευγον
988 2191 1118 2279 (hostes)
1138 2195 1259 2260 αὐτου
1266 2221 1280 2271 ς
1306 2191 1415 2274 (Athe-

292 2310 424 2395 nienses)
450 2315 505 2377 ἅτε
527 2313 659 2377 ἐκείνων
679 2307 939 2393 (Atheniensium)
962 2285 1167 2393 ἐπιδτάμενοι
1188 2313 1223 2375 τὸ
1245 2311 1411 2392 ξύνθημα,

293 2431 320 2492 εἷ
344 2427 371 2492 δ’
397 2427 489 2491 αὐτοὶ
512 2432 553 2508 μὴ
578 2427 821 2508 οὶποκρίνοιντο,
850 2424 1087 2510 διεφθείροντο.
1127 2422 1238 2486 Parum
1258 2418 1414 2506 probabile

293 2546 341 2603 est
366 2549 428 2603 tarn
451 2539 591 2624 perplexe
616 2545 647 2602 et
670 2537 796 2602 obscure
819 2537 973 2622 scripsisse
997 2537 1073 2618 uh„
1096 2536 1149 2601 ubi
1173 2535 1261 2620 plane
1287 2541 1318 2599 et
1345 2553 1413 2618 per·

293 2655 393 2738 spicue
416 2661 554 2738 poterat:
579 2656 749 2737 διέφευγον
775 2644 882 2722 οὗτοι
905 2659 961 2722 ἅτε
979 2661 1043 2721 κτέ.
1069 2650 1204 2716 Verbum
1222 2653 1411 2733 διαφεύγειν

292 2768 432 2833 absolute
455 2790 565 2854 ponere
589 2775 670 2831 amet
694 2767 749 2832 uh.
797 2767 877 2831 Vide
900 2790 928 2833 v.
950 2790 973 2831 c.
999 2790 1064 2852 cap.
1088 2769 1149 2847 593
1181 2765 1288 2830 melius
1311 2771 1412 2828 autem

291 2885 324 2948 in
347 2885 402 2948 hac
426 2882 572 2969 scriptura
596 2881 653 2946 sibi
681 2881 878 2966 respondebit
909 2890 974 2947 tum
999 2885 1172 2967 διέφευγον
1199 2919 1239 2930 -
1272 2882 1413 2964 διεφθεί·

290 3027 399 3084 ροντο,
423 3005 490 3062 tum
514 2991 667 3066 οὗτοι-
690 3001 793 3066 αὐτοί.

334 3111 407 3198 Cap.
432 3115 473 3177 47
506 3115 522 3198 δ
550 3116 581 3178 2.
617 3121 671 3180 καὶ
703 3119 738 3180 τὸ
773 3118 887 3201 χωρίον
922 3118 989 3199 ἅμα
1030 3120 1063 3180 έν
1097 3103 1124 3200 ᾧ
1159 3116 1413 3198 ἐστρατοπε-

290 3231 465 3297 δεύοντο
487 3230 603 3306 ἑλῶδες
629 3234 683 3295 ιιαῖ
706 3230 847 3318 χαλεπὸν
874 3227 924 3312 ἦν.
961 3227 1022 3291 Ηὶο
1038 3248 1157 3312 quoque
1176 3224 1274 3290 verius
1291 3222 1414 3288 videtur

290 3345 595 3429 ἐστρατοπέδευντο.
622 3341 669 3408 Of.
688 3343 726 3406 ad
744 3342 761 3406 I
782 3345 823 3408 62
849 3342 890 3407 in.
912 3365 941 3428 p.
968 3345 1009 3407 12
1026 3348 1057 3406 et
1072 3341 1110 3406 ad
1127 3339 1173 3404 IV
1192 3343 1233 3406 26
1250 3343 1265 3424 §
1281 3344 1300 3406 λ
1317 3363 1346 3425 p.
1358 3340 1410 3405 53.

333 3458 408 3542 Cap.
431 3462 474 3525 48
498 3460 514 3543 ᾧ
539 3460 568 3523 3.
601 3471 645 3546 api
677 3463 708 3527 δ’
733 3466 870 3545 ἐμφανεῖ
893 3467 963 3526 τότε
994 3460 1077 3547 λόγῳ
1106 3456 1237 3541 (Nicias)
1266 3464 1322 3526 ουκ
1351 3461 1412 3544 ἔφη

288 3578 427 3652 ἀπάξειν
456 3581 514 3656 τὴν
541 3583 709 3658 στρατιάν,
740 3571 774 3640 εὖ
800 3581 860 3661 γὰρ
886 3577 1007 3642 εἰδέναι
1035 3578 1084 3641 ὅτι
1110 3571 1294 3659 Ἀθηναῖοι
1323 3577 1410 3655 σφῶν

288 3691 379 3758 ταῦτ’
408 3693 464 3757 οὐκ
493 3691 711 3767 α’ποδέξονται
735 3692 814 3755 ὥστε
846 3696 887 3772 μὴ
921 3691 1029 3757 αὐτῶν
1055 3689 1292 3777 ψηφισαμένων
1313 3687 1412 3754 α’πελ-

263 3814 375 3880 ·6εἶν,
409 3815 463 3872 καὶ
496 3813 555 3891 γὰρ
590 3810 626 3872 οὐ
660 3810 756 3883 τούς
789 3807 905 3882 αὐτούς
931 3813 1196 3890 ψηφιεῖσθαι
1224 3808 1296 3887 περὶ
1322 3807 1409 3886 σφὼν
1495 3819 1498 3828 ’

288 3921 396 3989 αὐτῶν
420 3928 473 3989 καὶ
499 3928 539 3988 τὰ
566 3929 740 4004 πράγματα
768 3924 872 4006 ὥσπερ
903 3925 957 3985 καὶ
985 3923 1076 3986 αὐτοὶ
1106 3923 1250 4003 ὁρῶντας
1274 3922 1329 3983 καὶ
1353 3919 1410 3983 οὐκ

286 4034 395 4102 ἄλλων
426 4042 583 4120 ἐπιιμήσει
617 4031 820 4111 duodecimae
852 4039 1035 4114 γνώσεσθαι
1061 4030 1133 4097 ἀλλ’
1159 4034 1192 4109 ἐξ
1221 4023 1266 4098 ὦν
1288 4040 1331 4098 ἄν
1362 4057 1410 4106 τις

287 4141 321 4212 εδ
345 4149 446 4231 λέγων
472 4149 644 4235 διαβάλλοι
662 4155 695 4215 εἰι
713 4152 834 4216 τούτων
856 4151 1010 4224 αὐτούς
1032 4152 1211 4213 πείσεσθαι.
1258 4144 1320 4208 Diu
1336 4141 1412 4207 mul·

291 4267 417 4345 tumque
441 4262 477 4326 de
512 4261 579 4326 loco
602 4261 833 4348 impeditissimo
865 4260 1003 4344 cogitans
1035 4282 1096 4324 non
1119 4259 1203 4324 aliud
1226 4259 1342 4344 reperio
1366 4278 1412 4321 re·

289 4375 424 4440 medium
455 4375 529 4440 satis
553 4376 655 4440 efficax
678 4399 769 4460 qnam
796 4384 848 4457 ut,
873 4376 994 4440 resectis
1016 4376 1132 4442 alienae
1156 4397 1262 4441 manus
1289 4373 1411 4438 addita-

286 4490 410 4569 mentis,
434 4490 544 4575 quibns
569 4492 669 4555 locum
693 4489 892 4555 difficiliorem
916 4489 1080 4554 obnoxium
1102 4488 1195 4553 luisse
1220 4488 1330 4553 mirum
1347 4509 1410 4552 uon

284 4612 346 4692 est,
373 4606 572 4694 corrigamus:
598 4613 653 4674 καὶ
679 4613 739 4693 γὰρ
763 4609 799 4674 οὐ
826 4613 1004 4682 τούτους
1037 4603 1261 4689 (Athenienses)
1294 4607 1410 4681 αὐτους
