3190 5232
828 503 870 570 84

290 703 456 777 κτήσοιντο
479 697 552 770 rode
576 692 606 756 δ’
630 696 659 758 εἴ
687 717 788 757 ποτε
813 697 1010 776 ὄψοιντο.
1059 689 1215 774 legerim,
1241 691 1321 775 quod
1349 692 1411 756 hac

288 807 321 871 in
344 830 376 872 re
399 807 458 872 dici
481 806 558 870 solet
565 857 574 885 ,
600 811 672 882 τοδς
696 806 724 871 δ’
742 809 770 872 εἴ
788 833 865 872 ποτε
893 807 957 871 έτι
982 810 1127 890 ὄψοιντο.
1160 806 1247 890 Apud
1267 807 1409 892 Xenoph.

288 921 452 1006 Ephesium
477 944 539 1006 cap.
567 925 609 988 10
633 926 774 1006 parentes
798 920 836 983 ad
853 918 1050 984 Abrocomam
1068 927 1099 982 et
1115 920 1260 984 Anthium
1284 943 1410 1006 peregre

287 1035 524 1120 proficiscentes:
544 1045 609 1120 ἄρα
634 1039 697 1103 ἔτι
714 1039 794 1120 ὑμᾶς
818 1041 848 1101 οἱ
864 1042 980 1118 φάντες
995 1038 1162 1122 ὀψόμεθα·
1185 1034 1288 1098 Possis
1304 1042 1408 1100 tamen

288 1147 379 1211 etiam
403 1147 520 1212 lenius:
546 1153 619 1225 τούς
645 1151 674 1216 δ’
700 1151 730 1215 εἴ
752 1148 839 1215 ποτ’
863 1153 1116 1236 έπόψοιντο.
1149 1147 1196 1211 Cf.
1220 1148 1285 1212 VII
1309 1152 1361 1215 61.

331 1263 404 1347 (lap.
430 1264 470 1328 31
496 1265 510 1346 ᾗ
538 1264 566 1326 3.
601 1269 636 1340 ἐς
671 1269 715 1328 τὰ
745 1268 971 1347 μακρότατα
1004 1263 1286 1349 προθυμηθέντες.
1337 1261 1409 1326 Una

287 1375 386 1440 deleta
409 1375 643 1452 literaconieci:
680 1383 716 1452 ἐς
750 1382 795 1442 τά
830 1381 1035 1458 α’κρότατα.
1082 1374 1127 1437 Of.
1159 1374 1249 1439 Dion.
1275 1375 1345 1439 Hal.
1370 1376 1409 1440 de

288 1491 369 1556 verb.
393 1513 503 1576 comp,
530 1514 559 1576 p.
586 1494 667 1558 220:
693 1497 736 1569 εἰς
760 1498 861 1577 ἄκρον
878 1489 981 1573 ibique
997 1489 1147 1555 Schaeferi
1172 1490 1342 1554 annotatio.
1366 1528 1405 1538 —

287 1615 306 1683 †
331 1606 379 1670 Ib.
406 1609 419 1690 §
443 1610 474 1671 4.
503 1609 659 1684 ἐπίδειξιν
685 1615 740 1689 τῆς
770 1605 947 1690 [δυνάμεως
976 1607 1044 1690 καὶ]
1073 1605 1272 1684 ἐξουσίαςῒ

330 1731 351 1798 †
374 1719 447 1804 (lap.
474 1722 516 1786 33
540 1724 557 1805 δ
585 1724 614 1784 2.
637 1728 798 1804 πρόφασιν
823 1726 882 1804 μέν
912 1720 986 1804 (ἐπ’)
1015 1720 1210 1802 Ἐγεσταίων
1239 1723 1407 1809 ξυμμαχίᾳ

288 1842 342 1901 καὶ
366 1839 553 1903 Λεοντίνων
587 1839 774 1901 κατοικίσει.
802 1833 821 1901 †
871 1833 939 1897 Vid.
976 1834 1014 1897 ad
1039 1833 1091 1896 HI
1124 1836 1165 1899 82
1190 1836 1204 1916 ᾗ
1230 1837 1259 1898 7.
1307 1835 1409 1915 Quum

288 1947 374 2012 facile
397 1959 452 2017 el]
480 1955 551 2011 ante
584 1958 635 2018 GT
662 1947 776 2032 negligi
800 1948 954 2032 potuerit,
980 1947 1071 2029 vides.
1100 1986 1142 1995 —
1167 1951 1184 2030 ᾧ
1209 1950 1239 2014 5.
1276 1955 1312 2017 οὐ
1346 1954 1435 2036 yet*

288 2066 326 2148 δὴ
349 2072 390 2148 μὴ
416 2070 531 2150 τάγώσι
556 2091 590 2145 γε
616 2058 661 2130 ὧν
685 2066 918 2149 προσδέχονται
944 2065 1141 2150 [poputum]
1189 2063 1290 2128 Huius
1323 2066 1409 2129 verbi

287 2200 375 2241 nemo
398 2179 510 2242 Graece
534 2177 631 2239 sciens
656 2176 800 2260 suscipiet
823 2177 1033 2260 patrocinium.
1074 2177 1151 2241 Vide
1176 2201 1205 2241 v.
1229 2201 1255 2243 c.
1281 2179 1327 2242 IV
1353 2181 1407 2246 95.

332 2290 404 2376 Cap.
430 2291 471 2356 34
495 2293 512 2374 δ
540 2295 565 2354 l.
592 2295 622 2366 ἐς
647 2294 719 2367 τούς
742 2292 900 2366 Σικελούς
914 2293 1109 2374 πέμποντες.
1136 2291 1261 2355 Mallem
1282 2292 1406 2378 quidem

287 2395 309 2430 ιτ

288 2452 483 2533 επέμποντες
505 2449 536 2530 (i.
551 2470 576 2512 e.
597 2451 882 2532 περιπέμποντες),
904 2456 938 2513 ut
955 2449 1096 2513 scribitur
1110 2472 1136 2516 v.
1148 2472 1172 2513 c.
1189 2473 1252 2536 cap.
1266 2453 1308 2515 45
1318 2478 1327 2529 3
1352 2451 1407 2514 sed

288 2564 410 2646 vulgata
422 2564 492 2627 ferri
501 2585 589 2648 posse
599 2563 726 2642 videtur3
740 2563 819 2647 quod
832 2563 912 2628 idem
924 2564 1003 2628 valet
1015 2563 1050 2627 de
1062 2564 1157 2628 verbis
1169 2568 1404 2654 ὑποδέχεται

288 2685 348 2765 γὰρ
361 2689 442 2763 ἡμᾶς
454 2686 575 2764 Τάρας,
590 2677 642 2740 ubi
655 2675 718 2739 noli
731 2676 881 2760 corrigere
897 2682 969 2744 ὑπο
978 2679 1144 2756 δέξεται.
1176 2677 1322 2741 Similiter
1336 2699 1404 2740 inox

288 2793 348 2874 δί)
374 2797 440 2860 ἔστι
464 2799 544 2855 recte
568 2790 658 2854 habet
681 2812 734 2874 pro
758 2795 856 2857 ἔσται.
891 2790 938 2855 Cf.
960 2790 1005 2854 VI
1031 2793 1069 2854 91
1095 2795 1145 2876 §2
1165 2801 1194 2854 et
1212 2792 1255 2854 IV
1275 2793 1315 2858 95
1340 2796 1405 2876 δθ.

332 2904 404 2991 (lap.
429 2908 469 2970 37
495 2908 512 2987 δ
536 2909 566 2967 3.
594 2908 673 2971 ὥστε
701 2912 803 2988 παρὰ
831 2916 1014 2973 τοσοῦτον
1049 2915 1217 2987 γιγνώσκω
1242 2910 1332 2991 μόλις
1360 2916 1404 2976 ἄν

287 3048 340 3105 μοι
364 3023 570 3088 δοκοῦσιν-
594 3022 650 3085 οὐκ
676 3026 719 3086 ἄν
743 3030 932 3088 παντάπασι
959 3023 1196 3107 διαφθαρῆναι.
1246 3021 1403 3106 Suspicor:

289 3137 368 3202 dore
397 3135 485 3219 παρ’
514 3139 609 3200 ὅσον
635 3145 803 3214 γιγνώσκω
831 3142 916 3206 ari..
948 3143 982 3198 nt
1009 3135 1133 3218 vulgata
1160 3136 1306 3219 scriptura
1334 3145 1405 3200 nata

289 3249 330 3310 sit
353 3270 389 3312 ex
402 3249 666 3334 interpretatione:
691 3255 800 3333 παρὰ
825 3261 1026 3316 τοσοῦτον
1049 3255 1146 3316 ὅσον
1167 3259 1402 3331 γιγνώσκω.

288 3361 337 3425 Νο
367 3363 435 3446 quis
466 3362 588 3426 haereat
618 3364 651 3426 in
675 3363 849 3426 coniunctis
880 3364 979 3428 verbis
1009 3373 1201 3447 γιγνώσκειν
1226 3375 1256 3429 et
1280 3369 1402 3446 δοκεῖν,

271 3474 423 3539 οοοέωοά
448 3474 520 3539 mihi
546 3475 591 3536 VI
615 3478 656 3541 18
681 3497 774 3560 prope
795 3477 896 3541 finem.

332 3588 406 3672 Cap.
431 3589 473 3655 38
497 3589 514 3670 δ
537 3592 569 3652 4.
593 3597 609 3653 o'
631 3592 664 3656 δέ
691 3598 785 3673 νόμος
811 3591 875 3676 [ἐκ]
902 3604 956 3659 τοῦ
978 3595 1201 3675 μὴδύνασθαι
1221 3598 1301 3676 ὑμᾶς
1326 3596 1404 3676 μᾶλ-

289 3706 378 3789 λονή
391 3706 591 3787 δυναμένους
612 3711 711 3789 ἐτέθη
731 3708 909 3788 α’τιμάζειν.
934 3704 1042 3769 Deleta
1058 3707 1281 3789 praepositione
1302 3709 1403 3772 omnia

287 3825 367 3882 recto
391 3818 565 3903 procedunt.
615 3817 780 3882 Genetivus
808 3825 855 3882 est
879 3821 1064 3897 causativus,
1093 3821 1262 3904 Thucydidi
1294 3823 1402 3887 admo·

288 3933 360 3997 dum
383 3933 548 3998 familiaris.
588 3941 633 4000 Τὸ
658 3937 729 4017 ἑξῆς
753 3932 860 3997 hocce:
884 3941 909 4000 ὁ.
928 3938 955 4001 δ.
976 3965 1004 4002 ν.
1025 3937 1148 4018 μᾶλλον
1173 3939 1271 4023 ἐτέθη
1296 3951 1349 4005 τοῦ
1368 3967 1400 4021 μ.

288 4051 316 4115 δ.
340 4053 368 4114 ὑ.
392 4060 412 4134 ἠ
437 4055 519 4130 (τοῦ)
547 4052 716 4132 ἀτιμάζειν
748 4049 851 4132 (ὑμᾶς)
883 4051 1093 4134 δυναμένους.
1141 4050 1221 4113 Fieri
1245 4058 1345 4134 potest
1368 4065 1402 4116 ut

289 4167 322 4228 ἐκ
344 4173 520 4246 corruptum
544 4163 586 4224 sit
608 4184 643 4224 ex
660 4163 931 4247 interpretamento
947 4165 1057 4241 ἕνεκα,
1079 4164 1159 4248 quod
1180 4165 1343 4250 magistelli
1365 4164 1402 4228 ad

287 4274 434 4339 eiusmodi
459 4274 625 4339 Genetivns
649 4275 842 4361 explicandos
866 4277 975 4341 addere
997 4279 1104 4342 solent
1141 4277 1178 4342 Id
1202 4279 1313 4344 factum
1330 4301 1357 4342 v.
1376 4301 1402 4344 c.

289 4390 317 4454 I.
340 4391 382 4456 45
406 4397 484 4454 extr.
500 4403 555 4458 τοῦ
579 4399 620 4475 μὴ
646 4391 735 4458 λύειν
761 4391 886 4477 [ἕνεκα]
909 4399 965 4467 τὰς
986 4383 1139 4472 σπονδάς,
1165 4393 1217 4458 ubi
1241 4403 1321 4460 recte
1337 4416 1401 4458 eam

288 4504 423 4568 voculam
448 4504 559 4569 delevit
582 4503 689 4568 Cobet.

332 4615 403 4706 (lap.
428 4619 469 4684 39
494 4621 508 4703 §
533 4621 563 4684 1.
587 4624 660 4696 τούς
687 4619 717 4686 δ’
748 4625 883 4706 ἔχοντας
909 4619 963 4705 [τοὶ
992 4632 1136 4709 χρήματα
1164 4624 1224 4691 dol.
1247 4624 1317 4710 Ka]
1346 4630 1400 4693 καὶ
