3190 5232
570 1172 846 1270 CAPUT
898 1171 936 1265 Ι.

409 1397 680 1460 exculenus
722 1393 1094 1458 THUOYDIDDAE.

628 1943 668 1988 ru
700 1943 828 1988 urano
860 1923 887 1988 I.

234 2088 309 2173 Cap.
330 2091 347 2154 1
365 2091 381 2174 ό
399 2091 482 2155 1-2
501 2090 518 2171 p
536 2088 554 2150 1
576 2093 654 2150 extr.
673 2085 711 2150 ad
729 2108 792 2150 voc.
816 2088 1060 2154 ἀπανίστανται
1077 2083 1182 2148 laudat
1198 2084 1314 2170 Diony·

188 2205 255 2268 sius
278 2202 316 2268 de
332 2201 489 2267 verborum
507 2223 638 2286 compos.
657 2223 685 2284 p.
702 2202 766 2266 163
782 2200 957 2286 praemissis
972 2199 1057 2265 hisee
1072 2197 1184 2267 verbis:
1205 2205 1263 2269 ἵνα
1279 2204 1314 2270 δὲ

190 2325 338 2405 καὶπερὶ
357 2327 420 2386 τῶν
440 2319 563 2385 λοιπῶν
582 2321 685 2384 εἰπεῖν
704 2317 876 2404 ἐγγένηταί
895 2345 948 2400 μοι
975 2322 1128 2404 χρόνος,
1145 2317 1314 2403 Πινδάρου

189 2439 251 2517 μὲν
283 2433 357 2510 ἅλις
380 2435 470 2497 ἔσται’
502 2432 707 2497 Θουκυδίδου
732 2431 766 2494 ts·
800 2430 1020 2516 λαμβανέσθω
1049 2429 1134 2509 λέξις
1158 2441 1178 2516 ἡ
1200 2435 1234 2526 ἐν
1259 2441 1313 2499 τοῦ

191 2551 364 2635 προοιμίου
388 2548 455 2632 ἥδε.
506 2543 594 2624 Quae
624 2543 714 2608 verba
744 2565 779 2608 eo
812 2543 939 2609 consilio
969 2543 1130 2628 adscripsi,
1161 2553 1196 2609 ut
1226 2544 1317 2610 simul

191 2659 401 2736 emendarem,
426 2681 488 2724 non
513 2658 550 2722 do
573 2658 761 2738 coniectura,
786 2657 838 2723 sed
861 2681 898 2723 ex
922 2658 1134 2745 antiquissimo
1155 2666 1184 2724 et
1201 2660 1316 2745 optimo

193 2775 333 2839 omnium
363 2780 515 2858 quotquot
546 2771 578 2836 in
610 2773 700 2837 Italia
735 2773 850 2858 repperi
884 2772 1024 2857 Dionysii
1055 2772 1315 2862 (Rhetorioorum)

194 2889 350 2966 orditum,
384 2887 436 2974 qui
466 2888 529 2952 fere
562 2888 627 2951 sine
657 2888 833 2972 exceptione
854 2896 937 2980 'sunt
961 2888 1094 2974 pessimi.
1141 2889 1245 2953 Codex
1269 2896 1316 2954 est

193 3002 420 3070 Laurentianus
443 3001 690 3066 membranaceus
708 3011 849 3068 exaratus
866 3002 968 3067 seculo
984 3003 1063 3084 XII,
1079 3003 1165 3068 ouius
1184 3004 1314 3089 descrip-

194 3123 312 3186 tionem
342 3119 441 3184 videas
473 3119 552 3204 apud
582 3118 768 3184 Bandininm
799 3120 832 3184 iu
856 3119 994 3204 catalogo
1028 3119 1124 3203 (Plut.
1148 3119 1225 3185 LIX
1250 3122 1315 3206 15).

195 3237 320 3322 Optime
340 3243 444 3300 autem
468 3235 494 3298 is
516 3234 594 3300 liber
625 3235 741 3300 omittit
766 3243 856 3321 turpe
888 3235 1212 3321 interpretamentum,
1237 3235 1318 3322 quod

194 3375 257 3416 non
281 3351 338 3414 nisi
360 3350 400 3414 ab
422 3350 545 3414 homine
568 3351 742 3434 graecitatis
758 3349 950 3436 ignotissimo
966 3349 1038 3414 addi
1053 3350 1172 3435 potuit,
1189 3360 1315 3440 χρόνος.

193 3464 275 3529 Νοιο
300 3463 461 3528 formulam
486 3471 597 3552 χρόνος
622 3469 807 3547 ἐγγίγνεται
832 3463 1002 3548 siguificare
1026 3472 1151 3553 tempus
1175 3465 1319 3532 interce-

196 3579 248 3645 dit
271 3579 339 3663 quis
362 3577 507 3661 ignorat?
553 3577 611 3642 Sed
635 3578 746 3642 omisso
769 3577 964 3643 substantivo
988 3603 1092 3645 seusus
1116 3586 1181 3646 est:
1205 3565 1244 3647 u'r
1258 3581 1320 3668 fiat

194 3695 281 3762 mitt
309 3696 349 3762 de
383 3693 498 3761 ceteris
532 3714 660 3783 quoque
692 3693 875 3760 disserendi
903 3695 1058 3780 facultas.
1104 3695 1190 3760 Idem
1225 3695 1320 3760 codex

195 3812 288 3877 aliter
310 3833 400 3896 quam
423 3810 455 3874 in
479 3809 569 3874 editis
594 3809 733 3894 Dionysii
753 3809 976 3894 exemplaribus
1001 3809 1094 3893 (haud
1119 3833 1204 3874 seous
1227 3833 1318 3896 quam

193 3927 269 3992 libri
293 3925 480 4012 Thucydidei
503 3948 607 3991 omnes
631 3933 662 3990 et
685 3925 775 4005 alibi,
800 3925 851 3991 ubi
866 3925 971 3990 eadem
996 3925 1085 3990 verba
1109 3926 1251 4005 citantur,
1269 3949 1319 3990 oo-

196 4042 280 4106 dioes
311 4041 466 4126 Dionysii)
494 4048 564 4126 post
587 4050 833 4129 τεκμαιρόμενος
866 4041 982 4105 omittit
1010 4041 1190 4127 particulam
1215 4072 1265 4122 τε,
1290 4050 1321 4107 et

195 4154 308 4221 deinde
332 4162 413 4221 recte
437 4163 527 4241 atque
551 4155 657 4219 ordine
681 4155 805 4220 exhibet
829 4155 933 4220 verba:
960 4163 1013 4225 ἐπὶ
1037 4158 1241 4226 πλεῖστον
1265 4161 1321 4227 οἰν-

193 4279 352 4357 θρόπων·
377 4278 417 4338 τὰ
440 4277 501 4358 γὰρ
526 4277 585 4358 πρό
610 4277 762 4350 αὐτῶν,
788 4292 848 4333 uon
873 4292 949 4354 quae
965 4270 1120 4356 hucusque
1140 4294 1155 4334 e
1173 4269 1320 4356 Dionysio

194 4387 368 4452 afferuntur
395 4388 553 4454 πλείστων
585 4392 615 4448 et
647 4390 765 4462 αότοό;
797 4407 858 4468 qua
888 4385 918 4448 in
942 4407 974 4449 re
1001 4393 1034 4450 ut
1063 4386 1096 4448 iu
1123 4384 1189 4448 aliis
1213 4383 1320 4448 multis

196 4503 353 4587 oonspirat
377 4525 446 4567 eum
469 4501 572 4566 codiee
588 4501 787 4579 Monacensi‚
815 4509 847 4564 ut
863 4509 892 4564 et
908 4500 973 4585 ipse
996 4522 1138 4564 noveram
1152 4537 1193 4546 -—
1209 4498 1322 4563 librum

195 4619 283 4685 enim
306 4619 388 4683 huno
411 4639 530 4706 quoque
553 4617 672 4684 contuli
685 4655 728 4668 -·-
741 4627 772 4680 et
796 4615 895 4681 videre
918 4620 966 4679 est
982 4637 999 4696 e
1014 4613 1168 4706 Popponis
1193 4615 1278 4681 adh.
1298 4614 1321 4687 l.

1167 4733 1186 4804 1
