3166 5230
809 505 874 574 130

350 697 423 782 Oap.
449 697 501 762 53.
534 694 560 758 I}
590 697 771 772 Πυθέας
795 695 909 779 optime
932 694 1052 759 Dobree
1076 695 1182 760 elicuit
1205 703 1427 774 Πυθαιῶς.

306 811 408 896 Vulgo
433 811 512 876 male
535 815 657 895 recepta
682 815 728 874 est
749 808 947 894 Wesseliugii
967 809 1142 876 coniectura
1165 812 1348 891 Πυθαέως,
1373 833 1429 874 nec

306 926 414 992 meiius
437 925 624 991 Valckenaer
647 923 777 989 correxit
804 927 994 1004 Πυθαιέως.

349 1040 420 1126 Cap.
455 1041 497 1106 59
533 1040 728 1127 Θράσυλλος.
775 1037 926 1124 Perpetuo
957 1037 1043 1103 codd.
1079 1038 1196 1102 variant
1232 1036 1314 1100 inter
1349 1037 1428 1101 hanc

304 1156 429 1220 formam
453 1160 484 1218 ei
511 1155 688 1240 Θράσυλος,
715 1157 746 1216 et
768 1158 893 1238 apparet
916 1151 1039 1231 eadem,
1064 1151 1146 1238 quod
1171 1152 1289 1230 doleas,
1313 1152 1346 1216 in
1374 1151 1428 1215 In-

305 1268 503 1356 scriptionum
526 1267 711 1333 Graecarum
735 1267 916 1353 apographis
951 1267 1088 1334 varietas.
1135 1267 1184 1332 Sic
1206 1291 1236 1332 v.
1263 1291 1288 1334 c.
1313 1265 1427 1332 titulus

306 1389 370 1450 224
394 1383 427 1449 O.
452 1383 479 1449 Ι.
506 1382 567 1468 (Ol.
593 1384 670 1459 115,
695 1385 728 1468 1)
753 1381 875 1448 exhibet
901 1384 1085 1470 Θράσυλλος
1110 1383 1299 1469 Θρασύλλου
1329 1390 1427 1450 Δεκε-

305 1500 407 1579 aaa,
435 1497 486 1562 sed
510 1497 679 1562 Giamberti
702 1497 910 1582 apographum
933 1495 1024 1561 hahet
1049 1498 1212 1583 Θράσυλος
1239 1498 1426 1583 Θρασύλου,

304 1613 434 1699 Sponius
457 1620 562 1679 autem
584 1636 618 1678 ac
640 1613 801 1677 Wehlerus
825 1611 963 1677 scribunt
988 1612 1151 1690 Δεκελεύς.
1184 1611 1270 1676 Idem
1288 1611 1371 1676 valet
1388 1610 1426 1674 de

304 1727 403 1794 Inscr.
431 1730 493 1795 225
519 1727 579 1813 (Ol.
608 1730 683 1810 127,
710 1731 753 1810 2).
803 1728 991 1814 Θρασυκλῆς
1024 1727 1212 1813 Θρασύλλου
1236 1726 1427 1802 Δεκελεεύς,

305 1841 358 1906 ubi
381 1840 510 1906 Ursinus
532 1841 625 1906 habet
643 1843 822 1926 Θρασύλου.
848 1840 918 1905 Siue
935 1840 1080 1905 varietate
1095 1847 1141 1904 est
1163 1847 1216 1908 ἐπὶ
1235 1840 1426 1928 Θρασύλλου

304 1956 335 2021 iu
359 1956 452 2020 titulo
488 1957 551 2023 162
576 1955 638 2040 (Ol.
673 1957 849 2024 luo-130
874 1977 931 2021 seo.
957 1955 1019 2040 Β.).
1065 1954 1252 2019 Difficillima
1275 1962 1322 2018 est
1343 1953 1426 2018 inter

304 2078 463 2156 utramque
489 2072 585 2136 forma
607 2071 699 2155 optio.
725 2072 890 2158 Θράσυλος
908 2071 989 2135 enim
1005 2071 1168 2135 formatum
1186 2077 1231 2134 est
1251 2092 1268 2134 a
1285 2077 1426 2156 θρασύς,

304 2193 337 2252 ui
360 2187 525 2276 Αἰσχύλος
557 2185 595 2250 ab
619 2193 762 2274 αῖσχρός,
795 2193 829 2250 ut
856 2188 1008 2264 Μίκυλος
1031 2208 1048 2250 a
1070 2193 1191 2272 μικρός.
1239 2186 1426 2271 Θράσυλλος

303 2322 372 2365 vero
398 2307 584 2386 potestesse
608 2298 703 2364 forma
727 2297 949 2363 domiuuhivaa
971 2299 1172 2385 Θρασυκλῆς,
1195 2304 1231 2362 ut
1254 2299 1424 2385 Ἥρυλλος

301 2417 337 2479 ab
360 2417 541 2502 Ἡρακλῆς,
565 2420 599 2478 ut
624 2414 803 2492 Βάθυλλος
826 2437 843 2478 a
872 2414 1070 2498 Βαθυκλῆς,
1097 2419 1131 2476 ut
1148 2411 1366 2500 Ἀρίστυλλος
1385 2411 1423 2477 ab

302 2529 528 2617 Ἀριστοκλῆς.
575 2527 621 2594 Of.
648 2528 829 2594 Eustathius
859 2528 897 2593 ad
921 2527 958 2592 Il.
982 2530 1012 2600 Ξ
1037 2528 1120 2606 324,
1152 2527 1250 2612 Etym.
1277 2525 1322 2592 M.
1346 2527 1369 2590 i.
1395 2548 1424 2593 v.

300 2643 431 2730 ’Ἄμφις
455 2650 485 2707 ολ
512 2644 597 2710 inv.
622 2644 858 2728 Ἀρισουλλος,
888 2642 940 2727 qui
973 2665 1026 2706 sua
1057 2641 1157 2707 hausit
1185 2663 1223 2704 err
1246 2640 1424 2706 Herodiano

304 2763 347 2834 εἷς
375 2765 433 2840 τῆυ
462 2755 693 2827 Ἀπολλωνίου
719 2764 906 2841 εἰσαχαχῆυ.
941 2755 1040 2820 Proba
1063 2755 1159 2839 igitur
1182 2763 1309 2840 utraque
1326 2756 1425 2820 forma

303 2868 437 2948 videtur,
473 2871 596 2935 nomina
627 2871 755 2936 diversa.
802 2869 886 2934 Hinc
908 2871 941 2934 in
965 2869 1057 2934 titulo
1087 2871 1152 2935 224
1174 2869 1301 2934 fortasse
1326 2869 1425 2933 verior

300 2983 390 3048 lectio
424 2990 471 3048 cst
505 2988 722 3070 Θράσυλος
759 2986 997 3073 Θρασύλου,
1031 2985 1068 3050 in
1101 2985 1195 3050 altero
1232 2987 1423 3073 Θρασυκλῆς

302 3101 500 3186 Θρασύλλου.
548 3099 628 3180 Quia
660 3105 764 3164 autem
794 3098 934 3163 librarios
965 3099 1113 3183 proclives
1144 3121 1210 3164 esse
1241 3106 1360 3166 constat
1384 3099 1425 3164 ad

301 3213 499 3298 duplicandos
522 3221 740 3292 consonantes,
765 3214 818 3298 qui
843 3213 934 3278 semel
957 3213 1108 3278 scribendi
1136 3221 1222 3294 sunt,
1255 3216 1422 3303 Θράσυλος

300 3349 370 3414 prae
395 3330 590 3416 Θράσυλλος,
618 3328 804 3394 variantibus
827 3327 931 3408 libris,
964 3328 1046 3413 apud
1070 3329 1277 3414 Thucydidem
1299 3335 1424 3413 praetu-

301 3440 401 3506 ierim.

344 3555 373 3618 V
394 3559 435 3623 66
462 3563 710 3645 ἐυωμοτάρχαις.
758 3556 956 3621 scribendum
981 3579 1046 3622 esse
1078 3563 1310 3645 ἐυιομοτάρχοις
1333 3555 1424 3621 intel-

298 3667 376 3733 lexit
399 3667 434 3734 L.
460 3669 596 3734 Dindori
615 3669 653 3734 ad
676 3669 783 3757 Cyrop.
812 3669 856 3733 VI
881 3671 900 3736 3
923 3673 940 3757 d
965 3673 994 3737 6.
1031 3670 1170 3754 Longius
1192 3671 1275 3735 idem
1298 3691 1426 3756 progra-

299 3782 383 3848 ditur
405 3784 444 3848 ad
476 3784 584 3870 Remp.
614 3784 684 3851 Lac.
709 3785 794 3850 XIII
817 3787 834 3869 d
857 3789 896 3865 4,
932 3785 985 3850 uhi
1013 3784 1144 3870 praefert
1168 3789 1421 3873 ἐυαμοτίαρχος,

299 3899 464 3965 formatum
488 3908 522 3965 ut
546 3906 777 3990 στρατλαρχος.·
809 3922 870 3965 non
905 3899 985 3966 euim
1017 3899 1181 3965 convenire
1212 3899 1339 3964 alteram
1361 3899 1423 3963 ior·

300 4036 396 4093 mam,
422 4015 481 4079 nisi
506 4021 679 4101 ἐυωμοτίας
697 4015 752 4079 viri
769 4013 884 4099 singuli
908 4013 982 4078 dicti
999 4013 1061 4076 sint
1077 4019 1244 4097 ἐυώμοτοι.
1269 4014 1312 4077 At
1326 4012 1421 4090 enim,

299 4133 334 4190 ui
357 4127 515 4207 omittam,
537 4151 680 4214 magnum
697 4151 761 4192 essa
779 4127 891 4213 ubique
907 4127 940 4190 in
957 4125 1045 4190 libris
1062 4149 1242 4192 consensum
1256 4127 1289 4190 in
1306 4132 1425 4212 ἐυωμό·

299 4271 416 4330 ταρχος
446 4241 493 4330 (ολ
523 4245 688 4331 -άρχης),
713 4243 790 4306 mira
821 4249 867 4305 est
891 4242 922 4305 in
951 4248 1017 4304 toto
1041 4241 1099 4305 hoc
1129 4263 1239 4326 genera
1272 4241 1424 4305 varietas:

297 4378 367 4420 nam
390 4355 480 4420 iuxta
504 4360 749 4446 πεμπάδαρχος,
775 4359 960 4442 ἑξάδαρχος,
988 4359 1184 4445 δεκάδαρχος
1209 4363 1241 4420 ολ
1264 4359 1424 4446 δωδέκαρ·

298 4499 351 4560 χος
388 4471 581 4557 reperiuntur
615 4472 727 4536 formae
757 4473 954 4558 πέυταρχος,
988 4473 1164 4560 λέκαρχος,
1199 4474 1422 4559 δωδέκαρχος,

297 4591 553 4678 ἑκατόνταρχος,
580 4587 744 4676 χιλίαρχος
769 4592 799 4650 et
821 4589 1004 4672 μυρίαρχος.
1051 4585 1160 4671 Neque
1185 4585 1236 4672 qui
1264 4586 1312 4650 his
1336 4607 1425 4671 prae-
