3166 5230
821 446 885 512 loa

296 637 422 710 Νικίας
455 631 501 696 vel
532 641 687 722 Λάμαχος
716 633 763 698 vel
795 633 1013 724 Ἀλκιβιάδης
1042 643 1059 703 o‘
1090 636 1340 722 Ἀθηναῖος.
1374 676 1419 686 -

296 753 313 836 p
344 752 363 814 2
400 754 511 832 σφῶν
546 757 724 817 πείθεσθαι
752 751 785 816 in
809 750 969 834 scriptore
1004 749 1108 815 Attico
1140 773 1200 816 non
1236 750 1417 816 ferendum:

297 864 415 948 corrigo
446 868 573 947 σφίσι.
621 863 658 929 In
683 865 791 929 vicinis
819 865 875 930 Ex.
901 864 979 930 Oris.
1007 890 1035 951 p,
1062 866 1126 932 158
1150 868 1258 934 οὐκέτι
1284 871 1419 936 ἔπειθεν

299 979 503 1066 dittographia
534 989 708 1067 corruptum
742 1006 806 1048 esse
838 1007 875 1048 ex
906 989 963 1054 οὐκ
992 989 1125 1056 ἔπειθεν
1159 985 1419 1066 demonstrabam,

298 1103 366 1182 post
389 1096 582 1182 Kriigerum,
606 1105 641 1163 ut
664 1121 744 1163 nuuc
767 1099 919 1184 intelligo.

342 1213 415 1298 Cap.
441 1215 481 1281 75
505 1216 522 1298 δ
545 1217 576 1278 4.
601 1217 629 1281 εί
655 1241 699 1300 τῳ
726 1215 762 1280 δὲ
790 1214 943 1298 προλίποι
970 1223 988 1298 η
1016 1221 1105 1300 ῥάμη
1140 1214 1224 1300 [καί]
1253 1223 1289 1284 τὸ
1314 1223 1416 1302 σῶμα.

297 1329 433 1396 Verbum
456 1330 641 1414 προλείπειν
669 1327 780 1412 ubique
803 1332 848 1392 cst
873 1327 1065 1393 transitivum
1088 1351 1186 1414 neque
1211 1352 1343 1414 unquam
1364 1352 1420 1414 po·

298 1444 385 1508 nitur
406 1465 459 1529 pro
484 1444 673 1512 ἐπιλείπειν.
698 1443 739 1506 lto
763 1442 835 1527 quid
860 1449 906 1506 est
929 1445 1095 1531 προλείπει
1120 1451 1156 1512 τὸ
1178 1443 1291 1530 scirpo?
1315 1442 1422 1529 Sequi-

298 1563 367 1623 tur:
405 1561 463 1625 οίικ
490 1565 571 1625 ἄνευ
606 1558 760 1639 ὀλίγων
801 1563 1032 1642 ἐπιθειασμὼν.
1087 1557 1172 1623 Num
1211 1557 1421 1645 sterpeto?

300 1673 358 1737 Sed
388 1694 443 1737 cur
465 1693 591 1756 augeam
621 1671 803 1736 incertarum
826 1671 859 1735 in
891 1672 920 1737 h.
945 1672 967 1736 l.
995 1672 1235 1738 coniecturarum
1259 1695 1420 1739 numerum

281 1788 358 1862 ‹iam
382 1786 474 1853 nimis
497 1786 663 1872 maguum?
707 1786 745 1850 In
769 1785 874 1852 Vallae
899 1786 1000 1852 codice
1023 1787 1118 1852 fuisse
1141 1789 1273 1858 πολλῶν
1298 1810 1336 1852 ex
1355 1787 1422 1853 cius

265 1921 267 1925 ·
300 1901 437 1968 versione
460 1901 521 1966 ism
546 1899 659 1965 dudum
683 1901 874 1966 intellectum
891 1908 953 1977 est,
972 1907 1003 1965 et
1018 1902 1096 1967 hanc
1109 1903 1271 1968 lectionem
1294 1902 1422 1968 fortmse

300 2017 449 2102 recipiam.
480 2015 608 2083 †Initio
629 2038 694 2100 cap.
719 2015 861 2100 malimp‘
885 2016 1133 2100 (οἷπ)ανάστασις
1159 2020 1221 2105 ἤδη
1247 2027 1301 2114 rost
1327 2044 1423 2103 στρα-

300 2137 454 2217 τεύματος
476 2139 540 2199 κτὲ.
588 2129 670 2194 Nam
693 2130 818 2196 solemni
841 2153 900 2195 usu
923 2135 1171 2206 ἀπανίστασθαι
1191 2131 1313 2198 'dicitur
1340 2155 1423 2198 exer-

302 2247 380 2312 citus
403 2247 455 2331 qui
479 2246 517 2311 ab
543 2245 617 2312 urbe
640 2245 759 2312 obsessa
781 2268 814 2310 rc
837 2245 951 2311 infecta
974 2245 1147 2313 abducitur.
1193 2247 1272 2312 Vide
1296 2270 1324 2312 v.
1350 2271 1376 2314 c.
1406 2247 1424 2312 I

304 2363 369 2428 140
392 2363 409 2445 δ
432 2364 453 2425 4
477 2367 509 2425 et
532 2360 604 2425 adn.
628 2360 665 2424 ad
689 2383 753 2446 cap.
778 2361 821 2426 50
845 2361 923 2426 med.

346 2475 419 2561 Gap.
439 2478 479 2540 77
496 2476 512 2560 δ
530 2478 561 2541 6.
586 2476 708 2558 σπουδὴ
733 2476 761 2543 δ’
775 2480 888 2561 ὁμοίως
906 2482 960 2542 καί
979 2482 1079 2542 scara
1096 2481 1151 2543 καί
1167 2479 1290 2562 ἡμέραν
1312 2481 1423 2548 ἔσται

302 2600 358 2674 τῆς
380 2593 464 2659 ὁδοῦ.
487 2589 522 2656 L.
547 2594 659 2657 ἔστω.
706 2587 755 2654 Of.
778 2589 811 2654 in
836 2590 1018 2673 praegressis
1045 2590 1222 2672 φυλάξατε.

346 2702 416 2788 Cap.
444 2707 484 2770 78
505 2703 575 2768 init.
599 2706 728 2778 τοιάδε,
754 2702 806 2767 ubi
827 2712 1002 2788 expectares
1025 2716 1161 2774 τοιαῦτα
1193 2728 1228 2770 ex
1251 2728 1309 2771 usu
1328 2728 1424 2790 paene

302 2819 450 2888 constanti
474 2816 667 2903 Thucydidis.
693 2816 818 2902 Legitur
834 2827 935 2883 tamen
959 2818 976 2882 I
992 2821 1035 2884 43
1048 2827 1123 2886 extr.
1149 2822 1224 2888 τάδε
1239 2842 1293 2907 pro
1307 2829 1422 2889 ταῦτα.

301 2933 409 2999 Paullo
442 2933 577 2998 diversus
611 2938 656 2996 est
691 2932 774 2996 locus
808 2931 914 2998 1143
940 2940 1016 2999 extr.
1062 2933 1210 2998 Similiter
1233 2933 1269 2998 II
1293 2936 1336 3000 34
1359 2931 1423 3004 ὧδε

301 3070 357 3134 pro
380 3053 478 3124 οὕτω,
503 3046 550 3111 VI
573 3049 613 3113 78
638 3050 745 3114 τοιάδε
773 3069 828 3132 pro
852 3059 1001 3127 τοιαῦτα,
1030 3047 1058 3109 V
1081 3051 1100 3114 6
1124 3050 1141 3132 δ
1167 3052 1184 3113 1
1209 3051 1342 3134 τοσήνδε
1369 3072 1424 3136 pro

303 3170 473 3248 τοσαύτην.
521 3161 606 3226 Ηοοο
642 3162 779 3246 exempla
811 3161 886 3226 adde
910 3163 951 3226 iis
974 3186 1049 3248 quac
1083 3163 1207 3250 collegit
1233 3162 1351 3228 Dobree
1380 3165 1424 3248 (in

303 3277 415 3358 indice)
439 3277 515 3342 adv.
539 3277 556 3341 Ι
581 3280 598 3341 1
619 3299 649 3361 p.
675 3279 739 3342 118
764 3299 807 3360 sq.

347 3390 420 3476 Cap.
447 3393 525 3475 79·§
551 3395 580 3457 2.
617 3393 820 3462 διικνοῦντο
849 3399 908 3477 γάρ
941 3399 1019 3479 ῥᾷον
1045 3397 1077 3459 οἱ
1097 3399 1242 3460 ἄνωθεν.
1291 3391 1424 3477 Requiro

303 3504 335 3570 id
350 3506 464 3591 ipsum,
483 3505 564 3591 quod
577 3505 745 3570 Scholiasta
757 3507 845 3590 ponit
857 3506 1120 3590 interpretamenti
1134 3507 1211 3587 loco,
1225 3491 1424 3588 ἐξικνοῦντο.

347 3618 418 3706 Cap.
444 3622 484 3686 81
508 3621 525 3704 δ
549 3623 577 3684 2.
603 3623 743 3704 ὕστεροις
765 3649 798 3688 τε
823 3616 919 3706 [οὖσι]
949 3629 1002 3688 καί
1020 3624 1227 3710 σχολαίτερον
1252 3634 1306 3688 καί
1324 3625 1425 3689 άτακ·

303 3743 433 3823 πότερον
460 3743 591 3824 χωροῦσι
617 3741 680 3801 κτέ.
707 3733 777 3799 Νοο
798 3735 876 3800 facio
897 3758 963 3800 cum
989 3735 1128 3821 Kriigero
1148 3737 1308 3821 reponenti
1324 3743 1425 3813 ἰοῦσι,

303 3850 385 3934 quod
409 3850 485 3914 male
508 3848 676 3913 abundaret
692 3856 816 3935 propter
837 3873 965 3936 sequens
983 3858 1060 3936 part.
1081 3861 1223 3941 χωροῦσι.
1252 3849 1426 3917 Delevcrim

304 3971 410 4037 OYOI
437 3963 500 4030 sive
532 3963 738 4048 dittographia
773 3971 878 4030 natum
911 3989 946 4030 ex
979 3976 1101 4042 OIOT.
1137 3965 1199 4028 sive
1234 3961 1372 4029 additum
1408 3988 1426 4029 a

304 4079 414 4157 sciolo,
439 4081 491 4163 qni
516 4101 578 4143 non
601 4078 691 4143 ferret
716 4080 863 4145 adiectiva
887 4087 918 4145 et
945 4080 1085 4145 adverbia
1110 4103 1178 4144 cum
1200 4081 1305 4144 eodem
1333 4078 1426 4145 verbo

302 4195 407 4260 innota
440 4199 474 4261 ἐκ
505 4204 561 4262 τοῦ
590 4196 810 4280 παράλληλον.
859 4194 905 4261 Of.
931 4197 948 4279 δ
975 4199 996 4260 4
1021 4196 1076 4262 διὰ
1099 4201 1135 4262 τὸ
1155 4200 1275 4284 ὑστέρῳ
1299 4202 1428 4285 οίναχω·

305 4317 413 4395 ροῦντι
439 4311 527 4395 αὐτῷ
556 4315 674 4393 πρώτῳ
699 4316 883 4377 ἐπικεῖσθαι
912 4317 985 4387 τούς
1014 4312 1196 4397 πολεμίους.
1220 4349 1263 4360 -
1299 4313 1316 4395 d
1341 4314 1359 4377 6
1390 4319 1426 4380 τὸ

307 4428 367 4507 γάρ
391 4423 661 4491 ἀποκινδυνεύειν
687 4429 766 4509 πρὸς
782 4429 978 4509 ἀνθρώπους
998 4429 1277 4512 α’πονενοημίνονς
1294 4430 1330 4494 οὐ
1346 4431 1428 4512 πρὸς

308 4540 437 4608 ἐκείνων
458 4537 581 4622 μᾶλλον
607 4537 645 4622 ἦν
672 4539 750 4623 [ἔτι]
776 4570 793 4624 η
816 4545 893 4625 πρὸς
909 4547 973 4612 τῶν
1002 4547 1214 4629 Ἀθηναίων.
1240 4541 1313 4607 Non
1330 4541 1427 4626 magis
