3190 5232
830 502 871 572 68

296 701 525 782 ριπεμφθεῖσαι
560 693 625 775 (aut
657 699 736 759 certe
760 693 817 757 hoo
853 693 1057 778 participium)
1083 693 1244 758 tribuenda
1276 694 1338 758 sint
1369 695 1415 758 in·

296 807 491 893 terpretibus.

339 920 451 1006 iOap.
477 925 495 988 6
521 924 538 1006 δ
564 926 581 987 1
607 922 766 987 deleantur
789 923 849 986 duo
872 921 1080 986 additamenta
1106 921 1262 1007 Ἀνδρῶν
1279 925 1414 991 ἀποικία

296 1042 327 1098 et
357 1045 416 1120 τὴν
452 1041 579 1105 Θασίων
615 1041 785 1118 ἀποικίαν,
811 1059 941 1120 quorum
963 1036 1040 1100 illud
1064 1058 1080 1099 c
1103 1034 1150 1099 IV
1174 1038 1216 1102 88
1240 1042 1314 1100 extr.
1324 1085 1333 1115 ,
1358 1037 1415 1100 boc

295 1150 374 1216 eIV
391 1154 453 1218 107
478 1151 538 1214 huc
552 1149 739 1234 adscriptum
754 1154 810 1213 est.
834 1150 855 1217 †
878 1148 1034 1212 Posterius
1057 1149 1183 1233 insuper
1205 1151 1345 1234 arguitur
1367 1172 1413 1214 ar·

295 1266 391 1330 ticulo
426 1265 502 1330 male
525 1265 671 1350 apposito.
708 1302 741 1310 —
765 1264 785 1331 †
807 1263 855 1328 Ib.
879 1266 896 1349 δ
920 1267 939 1329 5
965 1263 1102 1347 requiro:
1129 1271 1165 1332 τὸ
1192 1267 1222 1332 δ’
1243 1266 1412 1334 ὁπλιτικὸν

294 1386 423 1466 ξύμπαν
453 1390 660 1468 ἤθροιστο
685 1377 749 1466 (pro
772 1381 1013 1466 ἠθροίσθη),
1029 1385 1065 1442 ut
1087 1385 1168 1444 recte
1191 1381 1327 1468 sequitur
1351 1387 1414 1447 ε’τε·

294 1504 465 1585 τάχατοιῒ

337 1609 410 1695 Cap.
437 1613 455 1672 7
479 1612 496 1695 b
520 1613 550 1674 1.
571 1613 684 1676 ἔπειτα
703 1616 895 1697 ἠναγκάσθη
920 1609 1081 1696 [ποιῆσαι]
1107 1615 1184 1698 ὅπερ
1208 1612 1412 1696 ὁΒρασίδας

293 1727 511 1812 προσεδέχετο.
559 1723 691 1808 Egregie
723 1722 785 1787 cod.
820 1722 936 1798 ltalns,
962 1722 1043 1809 quod
1067 1723 1184 1787 criticos
1207 1724 1332 1788 latuisse
1354 1723 1412 1787 iru-

292 1859 384 1922 pense
408 1837 517 1908 miror,
545 1836 662 1900 omittit
684 1835 876 1900 manifestum
895 1835 1206 1921 interpretamentum.
1231 1836 1412 1900 Rectissime

292 1952 372 2015 onim
397 1951 457 2015 dici
477 1954 724 2033 ἀναγκάζεσθαί
747 1979 778 2017 τι
800 1949 983 2034 optimorum
1000 1951 1180 2036 scriptorum
1198 1951 1344 2035 exemplis
1359 1950 1411 2014 ab·

291 2066 374 2130 unde
398 2072 535 2145 constat,
559 2086 635 2149 quac
658 2064 794 2149 exempla
818 2064 947 2149 quodvis
970 2063 1088 2130 lexicon
1112 2065 1265 2131 tironibus
1302 2087 1411 2151 suppe-

292 2179 417 2244 ditabit.
456 2179 537 2243 Male
563 2187 685 2258 contra,
708 2180 768 2243 uisi
792 2180 888 2259 fallor,
911 2180 994 2245 idem
1011 2181 1134 2245 verbum
1149 2189 1330 2268 μεμόνωται
1348 2204 1411 2245 me·

293 2294 342 2358 dio
366 2295 428 2360 fore
453 2295 566 2380 capite:
592 2297 649 2384 οὐχ
665 2301 708 2376 ὥς
723 2304 767 2382 τῷ
785 2297 939 2381 ἀσφαλεῖ,
955 2304 994 2381 ἤν
1015 2300 1331 2384 ἀναγκάζηται,
1356 2325 1409 2364 πε·

291 2422 463 2499 ρισχησων,
488 2431 565 2495 quae
587 2409 668 2473 iusto
692 2410 849 2476 obscurius
872 2409 1056 2489 dictasunt,
1082 2410 1142 2474 nisi
1158 2417 1326 2474 statuamus
1342 2417 1410 2496 post

290 2528 516 2613 ἀναγκάζηται
545 2531 667 2610 propter
690 2524 836 2588 ductuum
861 2523 1091 2588 similitudinem
1117 2524 1266 2588 excidisse
1283 2523 1408 2589 verbum

290 2645 595 2724 ἀγωνίζεσθαι,

334 2752 407 2838 Cap.
433 2756 451 2819 9
474 2758 491 2840 d
515 2759 533 2820 1
559 2764 617 2841 τὴν
646 2758 674 2823 δ’
701 2761 898 2844 ἐπιχείρησιν
922 2749 949 2844 ᾦ
969 2764 1075 2844 τρόπῳ
1100 2758 1292 2840 διανοοῦμαι
1309 2765 1410 2822 ποιεῖ·

290 2879 369 2936 σθαι
409 2871 549 2936 διδάσκω
575 2875 632 2938 ίνα
658 2879 700 2957 μὴ
726 2879 769 2938 τό
797 2900 838 2937 τε
867 2871 939 2938 κατ’
962 2872 1074 2952 ὀλίγον
1103 2878 1156 2938 καὶ
1184 2879 1225 2957 μη
1253 2877 1406 2946 ἅπαντας

289 2985 494 3052 κινδυνεύειν
524 2986 630 3061 ἐνδεὲς
658 2993 854 3070 φαινόμενον
889 2984 1048 3069 ἀτολμίαν
1074 2994 1231 3073 παράσχῃ.
1267 2984 1305 3049 In
1332 2977 1432 3068 opti-¹

289 3096 347 3159 mis
381 3097 468 3160 codd.
503 3089 619 3181 legitur
650 3110 702 3185 τῷ
740 3126 791 3176 τε,
820 3097 850 3161 in
882 3118 939 3181 qua
964 3098 1112 3183 scriptura
1134 3097 1302 3178 delitescit,
1326 3099 1408 3182 quod

289 3210 375 3275 unice
399 3214 427 3278 b.
453 3212 474 3277 l.
499 3212 654 3276 convenit:
674 3219 731 3281 ίνα
750 3222 791 3299 μή
808 3240 861 3299 τῳ
879 3219 922 3279 τὸ
939 3215 1009 3280 κατ’
1019 3213 1131 3296 ὀλίγον
1151 3215 1407 3282 -κινδυνεύειν

290 3365 330 3375 -
365 3327 524 3412 ἀτολμίαν
553 3337 712 3415 παράσχη.
750 3326 822 3390 Νοο
848 3327 928 3391 euim
952 3326 1063 3390 sufficit
1085 3348 1183 3410 neque
1200 3326 1281 3412 quod
1298 3326 1409 3391 Roisko

288 3440 445 3526 proposuit
470 3449 506 3507 τὸ
527 3469 574 3522 γε,
601 3463 701 3525 neque
723 3442 805 3527 quod
828 3440 948 3506 Bekker
971 3447 1004 3505 et
1026 3440 1149 3525 Kriiger
1172 3441 1333 3506 ediderunt
1356 3450 1405 3522 τὸ,

287 3555 387 3618 deleta
412 3553 519 3619 vocula
543 3583 575 3621 τε
604 3577 673 3618 cum
698 3555 782 3619 libris
806 3555 986 3640 quibusdam
1010 3557 1157 3642 pessimae
1188 3566 1278 3622 notae
1298 3559 1334 3642 l).
1363 3595 1407 3604 -

286 3669 405 3734 Vitiosa
429 3671 548 3756 syntaxi
572 3668 710 3734 laborant
733 3672 786 3755 §2
811 3671 898 3734 haec:
924 3678 999 3752 τούς
1023 3679 1083 3756 γὰρ
1103 3678 1273 3753 ἐναντίους
1290 3677 1407 3752 εἰκάζω

287 3797 522 3874 καταφρονήσει
561 3814 594 3851 τε
627 3792 715 3870 ἡμῶν
750 3793 803 3852 καί
842 3788 899 3853 οὐκ
930 3793 981 3855 διν
1020 3788 1217 3866 ἐλπίσαντας
1251 3794 1294 3864 ὡς
1331 3788 1403 3871 [ἂν]

287 3903 457 3979 ἐπεξέλθοι
477 3930 526 3978 τις
543 3905 654 3978 αὐτοῖς
672 3907 704 3977 ἐς
721 3910 826 3989 μάχην
846 3910 913 3969 κτὲ.
943 3901 1015 3965 Non
1032 3902 1186 3965 intellexit
1202 3902 1241 3980 is,
1259 3903 1311 3987 qui
1328 3902 1407 3966 male

285 4012 427 4098 repetivit
450 4015 634 4098 porticulum
657 4024 714 4095 ἄν,
740 4015 838 4078 solere
862 4014 995 4080 Graecos
1015 4037 1081 4079 eam
1096 4015 1252 4095 voculam,
1268 4015 1406 4100 quamvis

285 4126 439 4211 pertineat
468 4129 505 4192 ad
533 4130 705 4214 sequeutia,
734 4152 844 4216 ponere
877 4131 956 4194 iuter
992 4131 1184 4214 negationem
1208 4138 1239 4197 et
1263 4129 1404 4209 verbum,

285 4242 365 4306 unde
389 4243 442 4307 illa
466 4265 610 4329 suspensa
634 4246 705 4309 sint.
753 4245 803 4308 Sic
826 4268 888 4329 cap.
914 4248 933 4312 8
958 4252 1033 4309 extr.
1058 4255 1138 4310 recte
1155 4247 1299 4311 scribitur
1314 4269 1343 4312 v.
1361 4269 1402 4311 c.:

283 4361 340 4425 οὐκ
375 4365 425 4426 ἂν
450 4362 589 4443 νομίζων
616 4363 732 4438 αὐτούς
754 4367 869 4445 ὁμοίως
894 4363 1075 4449 ἀπολαβεῖν
1100 4359 1199 4440 αὖθις
1221 4364 1404 4450 μεμονωμέ-

297 4515 368 4523 a„
371 4516 464 4522 -------

318 4609 341 4680 1)
362 4609 406 4659 His
423 4610 469 4658 iam
487 4609 551 4673 prelo
570 4610 689 4670 subiectis,
709 4611 775 4662 vidao
793 4614 815 4661 in
829 4611 924 4663 eandam
938 4613 1120 4664 emendationem
1136 4613 1242 4666 incidisse
1255 4616 1398 4680 Popponcm.
