<?xml version="1.0" encoding="UTF-8"?>
<!DOCTYPE html PUBLIC "-//W3C//DTD XHTML 1.0 Transitional//EN"
    "http://www.w3.org/TR/xhtml1/DTD/xhtml1-transitional.dtd">
<html xmlns="http://www.w3.org/1999/xhtml" xml:lang="en" lang="en">
 <head>
  <title>
</title>
<meta http-equiv="Content-Type" content="text/html;charset=utf-8" />
  <meta name='ocr-system' content='tesseract 3.04.00' />
  <meta name='ocr-capabilities' content='ocr_page ocr_carea ocr_par ocr_line ocrx_word'/>
</head>
<body>
  <div class='ocr_page' id='page_1' title='image "./studiathucydide00herwgoog_0020.png"; bbox 0 0 3190 5232; ppageno 0'>
   <div class='ocr_carea' id='block_1_1' title="bbox 774 463 793 524">
    <p class='ocr_par' dir='ltr' id='par_1_1' title="bbox 774 463 793 524">
     <span class='ocr_line' id='line_1_1' title="bbox 774 463 793 524; baseline 0 0"><span class='ocrx_word' id='word_1_1' title='bbox 774 463 793 524; x_wconf 78' lang='lat'><strong>7</strong></span> 
     </span>
    </p>
   </div>
   <div class='ocr_carea' id='block_1_2' title="bbox 196 649 1369 2575">
    <p class='ocr_par' dir='ltr' id='par_1_2' title="bbox 220 649 1369 1772">
     <span class='ocr_line' id='line_1_2' title="bbox 264 649 1338 738; baseline 0.003 -19"><span class='ocrx_word' id='word_1_2' title='bbox 264 653 338 738; x_wconf 82' lang='lat' dir='ltr'><strong>Cap.</strong></span> <span class='ocrx_word' id='word_1_3' title='bbox 364 653 405 718; x_wconf 74' lang='lat'><strong>22</strong></span> <span class='ocrx_word' id='word_1_4' title='bbox 431 657 507 716; x_wconf 85' lang='lat' dir='ltr'><strong>extr.</strong></span> <span class='ocrx_word' id='word_1_5' title='bbox 534 658 637 736; x_wconf 77' lang='grc' dir='ltr'><em>κτῆμά</em></span> <span class='ocrx_word' id='word_1_6' title='bbox 661 679 694 717; x_wconf 84' lang='grc' dir='ltr'><strong>τε</strong></span> <span class='ocrx_word' id='word_1_7' title='bbox 719 655 750 728; x_wconf 80' lang='grc' dir='ltr'><strong>ἐς</strong></span> <span class='ocrx_word' id='word_1_8' title='bbox 776 653 825 716; x_wconf 69' lang='lat' dir='ltr'><strong>olei</strong></span> <span class='ocrx_word' id='word_1_9' title='bbox 849 649 974 734; x_wconf 80' lang='grc' dir='ltr'><em>μᾶλλον</em></span> <span class='ocrx_word' id='word_1_10' title='bbox 1002 658 1022 734; x_wconf 76' lang='grc' dir='ltr'><em>ἤ</em></span> <span class='ocrx_word' id='word_1_11' title='bbox 1048 653 1218 735; x_wconf 76' lang='grc' dir='ltr'><strong>ἀγώνισμα</strong></span> <span class='ocrx_word' id='word_1_12' title='bbox 1247 656 1277 731; x_wconf 74' lang='grc' dir='ltr'><strong>ἐς</strong></span> <span class='ocrx_word' id='word_1_13' title='bbox 1302 657 1338 722; x_wconf 86' lang='grc' dir='ltr'><em>τό</em></span> 
     </span>
     <span class='ocr_line' id='line_1_3' title="bbox 220 763 1337 858; baseline -0.003 -22"><span class='ocrx_word' id='word_1_14' title='bbox 220 781 417 858; x_wconf 80' lang='grc' dir='ltr'><em>παραχρῆμα</em></span> <span class='ocrx_word' id='word_1_15' title='bbox 448 773 622 834; x_wconf 82' lang='grc' dir='ltr'><em>οἷκούειν</em></span> <span class='ocrx_word' id='word_1_16' title='bbox 649 769 827 847; x_wconf 86' lang='grc' dir='ltr'><em>ξύγκειται.</em></span> <span class='ocrx_word' id='word_1_17' title='bbox 877 763 960 828; x_wconf 78' lang='lat' dir='ltr'><strong>citat</strong></span> <span class='ocrx_word' id='word_1_18' title='bbox 989 764 1061 829; x_wconf 84' lang='lat' dir='ltr'><strong>haec</strong></span> <span class='ocrx_word' id='word_1_19' title='bbox 1093 765 1182 829; x_wconf 85' lang='lat' dir='ltr'><strong>verba</strong></span> <span class='ocrx_word' id='word_1_20' title='bbox 1212 766 1337 854; x_wconf 86' lang='lat' dir='ltr'><strong>Dionys.</strong></span> 
     </span>
     <span class='ocr_line' id='line_1_4' title="bbox 221 876 1335 970; baseline -0.003 -22"><span class='ocrx_word' id='word_1_21' title='bbox 221 884 293 949; x_wconf 92' lang='lat' dir='ltr'><strong>Hal.</strong></span> <span class='ocrx_word' id='word_1_22' title='bbox 312 883 349 946; x_wconf 92' lang='lat' dir='ltr'><strong>dc</strong></span> <span class='ocrx_word' id='word_1_23' title='bbox 365 880 444 946; x_wconf 82' lang='lat' dir='ltr'><strong>verb.</strong></span> <span class='ocrx_word' id='word_1_24' title='bbox 463 903 558 964; x_wconf 87' lang='lat' dir='ltr'><strong>comp.</strong></span> <span class='ocrx_word' id='word_1_25' title='bbox 576 902 604 963; x_wconf 89' lang='lat' dir='ltr'><strong>p.</strong></span> <span class='ocrx_word' id='word_1_26' title='bbox 622 879 685 944; x_wconf 79' lang='lat'><strong>165</strong></span> <span class='ocrx_word' id='word_1_27' title='bbox 703 876 835 943; x_wconf 85' lang='lat' dir='ltr'><strong>scribens</strong></span> <span class='ocrx_word' id='word_1_28' title='bbox 852 883 1039 962; x_wconf 83' lang='grc' dir='ltr'><strong><em>παραυτίκα</em></strong></span> <span class='ocrx_word' id='word_1_29' title='bbox 1060 899 1114 962; x_wconf 92' lang='lat' dir='ltr'><strong>pro</strong></span> <span class='ocrx_word' id='word_1_30' title='bbox 1130 893 1335 970; x_wconf 80' lang='grc' dir='ltr'><em>παραχρῆμα.</em></span> 
     </span>
     <span class='ocr_line' id='line_1_5' title="bbox 222 992 1369 1084; baseline -0.003 -21"><span class='ocrx_word' id='word_1_31' title='bbox 222 999 260 1063; x_wconf 92' lang='lat' dir='ltr'><strong>In</strong></span> <span class='ocrx_word' id='word_1_32' title='bbox 283 998 398 1084; x_wconf 90' lang='lat' dir='ltr'><strong>optimo</strong></span> <span class='ocrx_word' id='word_1_33' title='bbox 424 1018 491 1060; x_wconf 89' lang='lat' dir='ltr'><strong>meo</strong></span> <span class='ocrx_word' id='word_1_34' title='bbox 525 994 703 1061; x_wconf 80' lang='lat' dir='ltr'><strong>Florentino</strong></span> <span class='ocrx_word' id='word_1_35' title='bbox 734 992 1073 1058; x_wconf 62' lang='lat' dir='ltr'><strong>desideraturssverbum</strong></span> <span class='ocrx_word' id='word_1_36' title='bbox 1100 999 1244 1076; x_wconf 82' lang='grc' dir='ltr'><em>οἰκούειν,</em></span> <span class='ocrx_word' id='word_1_37' title='bbox 1275 995 1340 1061; x_wconf 88' lang='lat' dir='ltr'><strong>fieri</strong></span> <span class='ocrx_word' id='word_1_38' title='bbox 1367 1009 1369 1014; x_wconf 84' lang='lat'>&#39;</span> 
     </span>
     <span class='ocr_line' id='line_1_6' title="bbox 221 1108 1339 1201; baseline -0.002 -23"><span class='ocrx_word' id='word_1_39' title='bbox 221 1119 323 1201; x_wconf 87' lang='lat' dir='ltr'><strong>potest</strong></span> <span class='ocrx_word' id='word_1_40' title='bbox 347 1119 498 1188; x_wconf 74' lang='lat' dir='ltr'><strong>nitente,</strong></span> <span class='ocrx_word' id='word_1_41' title='bbox 524 1111 595 1196; x_wconf 90' lang='lat' dir='ltr'><strong>quia</strong></span> <span class='ocrx_word' id='word_1_42' title='bbox 622 1110 666 1173; x_wconf 89' lang='lat' dir='ltr'><strong>sic</strong></span> <span class='ocrx_word' id='word_1_43' title='bbox 688 1109 750 1174; x_wconf 84' lang='lat' dir='ltr'><strong>fere</strong></span> <span class='ocrx_word' id='word_1_44' title='bbox 773 1108 881 1172; x_wconf 88' lang='lat' dir='ltr'><strong>molius</strong></span> <span class='ocrx_word' id='word_1_45' title='bbox 907 1109 1023 1195; x_wconf 78' lang='grc' dir='ltr'><em>(κτῆμα</em></span> <span class='ocrx_word' id='word_1_46' title='bbox 1048 1149 1089 1159; x_wconf 77' lang='lat'><em>-</em></span> <span class='ocrx_word' id='word_1_47' title='bbox 1114 1115 1283 1197; x_wconf 75' lang='grc' dir='ltr'><strong>ἀγώνισμα</strong></span> <span class='ocrx_word' id='word_1_48' title='bbox 1307 1118 1339 1176; x_wconf 88' lang='lat' dir='ltr'><strong>at</strong></span> 
     </span>
     <span class='ocr_line' id='line_1_7' title="bbox 221 1223 1342 1314; baseline -0.006 -17"><span class='ocrx_word' id='word_1_49' title='bbox 221 1237 253 1310; x_wconf 83' lang='grc' dir='ltr'><strong>ἐς</strong></span> <span class='ocrx_word' id='word_1_50' title='bbox 277 1233 326 1297; x_wconf 69' lang='lat' dir='ltr'><strong>olel</strong></span> <span class='ocrx_word' id='word_1_51' title='bbox 354 1265 392 1278; x_wconf 89' lang='lat'><strong>·-</strong></span> <span class='ocrx_word' id='word_1_52' title='bbox 417 1233 448 1307; x_wconf 82' lang='grc' dir='ltr'><strong>ἐς</strong></span> <span class='ocrx_word' id='word_1_53' title='bbox 472 1233 507 1293; x_wconf 88' lang='grc' dir='ltr'><em>τὸ</em></span> <span class='ocrx_word' id='word_1_54' title='bbox 531 1228 739 1314; x_wconf 81' lang='grc' dir='ltr'><em>παραχρῆμα)</em></span> <span class='ocrx_word' id='word_1_55' title='bbox 767 1223 1005 1314; x_wconf 29' lang='grc' dir='ltr'><em>τοτόυιυιτοτόο</em></span> <span class='ocrx_word' id='word_1_56' title='bbox 1032 1224 1201 1310; x_wconf 79' lang='lat' dir='ltr'><strong>respondet.</strong></span> <span class='ocrx_word' id='word_1_57' title='bbox 1233 1225 1342 1310; x_wconf 86' lang='lat' dir='ltr'><strong>Neque</strong></span> 
     </span>
     <span class='ocr_line' id='line_1_8' title="bbox 220 1338 1341 1428; baseline -0.003 -20"><span class='ocrx_word' id='word_1_58' title='bbox 220 1344 299 1408; x_wconf 89' lang='lat' dir='ltr'><strong>illud</strong></span> <span class='ocrx_word' id='word_1_59' title='bbox 327 1343 434 1428; x_wconf 85' lang='lat' dir='ltr'><strong>legisse</strong></span> <span class='ocrx_word' id='word_1_60' title='bbox 464 1341 606 1406; x_wconf 89' lang='lat' dir='ltr'><strong>videntur</strong></span> <span class='ocrx_word' id='word_1_61' title='bbox 640 1339 851 1421; x_wconf 78' lang='lat' dir='ltr'><strong>Quintilianus</strong></span> <span class='ocrx_word' id='word_1_62' title='bbox 881 1339 906 1423; x_wconf 88' lang='grc' dir='ltr'><strong>ΙἸ</strong></span> <span class='ocrx_word' id='word_1_63' title='bbox 933 1338 971 1403; x_wconf 92' lang='lat'><strong>0.</strong></span> <span class='ocrx_word' id='word_1_64' title='bbox 1000 1339 1050 1404; x_wconf 90' lang='lat' dir='ltr'><strong>XI</strong></span> <span class='ocrx_word' id='word_1_65' title='bbox 1076 1340 1172 1424; x_wconf 58' lang='lat'><strong>531,</strong></span> <span class='ocrx_word' id='word_1_66' title='bbox 1196 1340 1341 1427; x_wconf 81' lang='lat' dir='ltr'><strong>Polybius</strong></span> 
     </span>
     <span class='ocr_line' id='line_1_9' title="bbox 222 1453 1341 1543; baseline 0 -22"><span class='ocrx_word' id='word_1_67' title='bbox 222 1456 275 1521; x_wconf 94' lang='grc' dir='ltr'><strong>ΙΠ</strong></span> <span class='ocrx_word' id='word_1_68' title='bbox 303 1479 325 1520; x_wconf 90' lang='lat' dir='ltr'><strong>c.</strong></span> <span class='ocrx_word' id='word_1_69' title='bbox 352 1458 413 1534; x_wconf 88' lang='grc'><strong>31,</strong></span> <span class='ocrx_word' id='word_1_70' title='bbox 444 1455 523 1519; x_wconf 91' lang='lat' dir='ltr'><strong>Plin.</strong></span> <span class='ocrx_word' id='word_1_71' title='bbox 547 1453 657 1538; x_wconf 77' lang='lat' dir='ltr'><strong>np.v</strong></span> <span class='ocrx_word' id='word_1_72' title='bbox 687 1457 724 1532; x_wconf 90' lang='grc'><strong>8,</strong></span> <span class='ocrx_word' id='word_1_73' title='bbox 759 1456 819 1531; x_wconf 91' lang='grc'><strong>11,</strong></span> <span class='ocrx_word' id='word_1_74' title='bbox 851 1476 927 1537; x_wconf 89' lang='lat' dir='ltr'><strong>quos</strong></span> <span class='ocrx_word' id='word_1_75' title='bbox 956 1454 1036 1518; x_wconf 91' lang='lat' dir='ltr'><strong>locos</strong></span> <span class='ocrx_word' id='word_1_76' title='bbox 1060 1454 1129 1518; x_wconf 88' lang='lat' dir='ltr'><strong>vide</strong></span> <span class='ocrx_word' id='word_1_77' title='bbox 1157 1456 1238 1540; x_wconf 92' lang='lat' dir='ltr'><strong>apud</strong></span> <span class='ocrx_word' id='word_1_78' title='bbox 1264 1456 1341 1543; x_wconf 87' lang='lat' dir='ltr'><strong>Pop·</strong></span> 
     </span>
     <span class='ocr_line' id='line_1_10' title="bbox 221 1569 1341 1664; baseline 0 -28"><span class='ocrx_word' id='word_1_79' title='bbox 221 1595 330 1657; x_wconf 87' lang='lat' dir='ltr'><strong>ponem</strong></span> <span class='ocrx_word' id='word_1_80' title='bbox 354 1573 387 1636; x_wconf 90' lang='lat' dir='ltr'><strong>in</strong></span> <span class='ocrx_word' id='word_1_81' title='bbox 410 1571 606 1635; x_wconf 83' lang='lat' dir='ltr'><strong>adnotatione</strong></span> <span class='ocrx_word' id='word_1_82' title='bbox 630 1569 667 1633; x_wconf 91' lang='lat' dir='ltr'><strong>ad</strong></span> <span class='ocrx_word' id='word_1_83' title='bbox 691 1569 720 1636; x_wconf 90' lang='lat' dir='ltr'><strong>h.</strong></span> <span class='ocrx_word' id='word_1_84' title='bbox 745 1569 765 1634; x_wconf 92' lang='lat' dir='ltr'><strong>l.</strong></span> <span class='ocrx_word' id='word_1_85' title='bbox 811 1569 913 1636; x_wconf 80' lang='lat' dir='ltr'><strong>Facile</strong></span> <span class='ocrx_word' id='word_1_86' title='bbox 943 1569 1036 1664; x_wconf 77' lang='lat' dir='ltr'><strong>fluere</strong></span> <span class='ocrx_word' id='word_1_87' title='bbox 1065 1569 1165 1656; x_wconf 91' lang='lat' dir='ltr'><strong>potuit</strong></span> <span class='ocrx_word' id='word_1_88' title='bbox 1188 1593 1225 1634; x_wconf 83' lang='lat' dir='ltr'><strong>ex</strong></span> <span class='ocrx_word' id='word_1_89' title='bbox 1247 1572 1341 1638; x_wconf 89' lang='lat' dir='ltr'><strong>inter·</strong></span> 
     </span>
     <span class='ocr_line' id='line_1_11' title="bbox 221 1687 401 1772; baseline 0.006 -21"><span class='ocrx_word' id='word_1_90' title='bbox 221 1687 401 1772; x_wconf 89' lang='lat' dir='ltr'><strong>pretatione.</strong></span> 
     </span>
    </p>

    <p class='ocr_par' dir='ltr' id='par_1_3' title="bbox 221 1800 1341 2232">
     <span class='ocr_line' id='line_1_12' title="bbox 264 1800 1340 1887; baseline 0.002 -20"><span class='ocrx_word' id='word_1_91' title='bbox 264 1802 339 1887; x_wconf 77' lang='lat' dir='ltr'><strong>(lap.</strong></span> <span class='ocrx_word' id='word_1_92' title='bbox 357 1805 398 1868; x_wconf 79' lang='lat'><strong>24</strong></span> <span class='ocrx_word' id='word_1_93' title='bbox 413 1802 481 1866; x_wconf 89' lang='lat' dir='ltr'><strong>init.</strong></span> <span class='ocrx_word' id='word_1_94' title='bbox 510 1802 711 1885; x_wconf 77' lang='grc' dir='ltr'><em>Ἐπίδαμνός</em></span> <span class='ocrx_word' id='word_1_95' title='bbox 736 1804 802 1866; x_wconf 79' lang='grc' dir='ltr'><em>ε’στι</em></span> <span class='ocrx_word' id='word_1_96' title='bbox 826 1801 920 1877; x_wconf 95' lang='grc' dir='ltr'><em>πόλις</em></span> <span class='ocrx_word' id='word_1_97' title='bbox 940 1805 974 1866; x_wconf 78' lang='grc' dir='ltr'><em>ἐν</em></span> <span class='ocrx_word' id='word_1_98' title='bbox 996 1800 1086 1885; x_wconf 81' lang='grc' dir='ltr'><em>όεξίῳ</em></span> <span class='ocrx_word' id='word_1_99' title='bbox 1104 1802 1272 1869; x_wconf 77' lang='grc' dir='ltr'><em>ἐσπλέοντι</em></span> <span class='ocrx_word' id='word_1_100' title='bbox 1297 1802 1340 1885; x_wconf 81' lang='grc' dir='ltr'><strong>(ἐς</strong></span> 
     </span>
     <span class='ocr_line' id='line_1_13' title="bbox 221 1915 1341 2000; baseline 0.004 -19"><span class='ocrx_word' id='word_1_101' title='bbox 221 1917 296 1981; x_wconf 89' lang='lat' dir='ltr'><strong>adde</strong></span> <span class='ocrx_word' id='word_1_102' title='bbox 313 1941 382 1982; x_wconf 93' lang='lat' dir='ltr'><strong>cum</strong></span> <span class='ocrx_word' id='word_1_103' title='bbox 398 1917 465 2000; x_wconf 82' lang='lat' dir='ltr'><strong>Kr.)</strong></span> <span class='ocrx_word' id='word_1_104' title='bbox 484 1922 540 1985; x_wconf 89' lang='grc' dir='ltr'><strong>τόν</strong></span> <span class='ocrx_word' id='word_1_105' title='bbox 555 1915 675 1984; x_wconf 86' lang='grc' dir='ltr'><em>Ἰόνιον</em></span> <span class='ocrx_word' id='word_1_106' title='bbox 694 1917 828 1987; x_wconf 82' lang='grc' dir='ltr'><em>κόλπον,</em></span> <span class='ocrx_word' id='word_1_107' title='bbox 844 1921 1047 1999; x_wconf 77' lang='grc' dir='ltr'><em>προσοικοῦσι</em></span> <span class='ocrx_word' id='word_1_108' title='bbox 1061 1917 1090 1981; x_wconf 81' lang='grc' dir='ltr'><strong>δ’</strong></span> <span class='ocrx_word' id='word_1_109' title='bbox 1110 1918 1230 2000; x_wconf 80' lang='grc' dir='ltr'><em>αὐτὴν</em></span> <span class='ocrx_word' id='word_1_110' title='bbox 1252 1927 1341 1986; x_wconf 83' lang='lat' dir='ltr'><strong>Tao-</strong></span> 
     </span>
     <span class='ocr_line' id='line_1_14' title="bbox 222 2029 1341 2122; baseline -0.002 -23"><span class='ocrx_word' id='word_1_111' title='bbox 222 2035 347 2100; x_wconf 79' lang='grc' dir='ltr'><em>λόντιοι</em></span> <span class='ocrx_word' id='word_1_112' title='bbox 373 2037 541 2122; x_wconf 81' lang='grc' dir='ltr'><em>βάρβαροι.</em></span> <span class='ocrx_word' id='word_1_113' title='bbox 589 2029 805 2095; x_wconf 89' lang='lat' dir='ltr'><strong>Soloccismum</strong></span> <span class='ocrx_word' id='word_1_114' title='bbox 828 2067 872 2077; x_wconf 90' lang='lat'>—</span> <span class='ocrx_word' id='word_1_115' title='bbox 896 2029 1003 2114; x_wconf 89' lang='lat' dir='ltr'><strong>partim</strong></span> <span class='ocrx_word' id='word_1_116' title='bbox 1027 2029 1107 2094; x_wconf 89' lang='lat' dir='ltr'><strong>enim</strong></span> <span class='ocrx_word' id='word_1_117' title='bbox 1136 2030 1341 2097; x_wconf 84' lang='lat' dir='ltr'><strong>diversissima</strong></span> 
     </span>
     <span class='ocr_line' id='line_1_15' title="bbox 223 2143 1340 2232; baseline 0.004 -24"><span class='ocrx_word' id='word_1_118' title='bbox 223 2155 296 2210; x_wconf 91' lang='lat' dir='ltr'><strong>sunt</strong></span> <span class='ocrx_word' id='word_1_119' title='bbox 320 2146 429 2232; x_wconf 89' lang='lat' dir='ltr'><strong>partim</strong></span> <span class='ocrx_word' id='word_1_120' title='bbox 452 2145 490 2209; x_wconf 92' lang='lat' dir='ltr'><strong>ad</strong></span> <span class='ocrx_word' id='word_1_121' title='bbox 511 2167 630 2230; x_wconf 84' lang='lat' dir='ltr'><strong>prosam</strong></span> <span class='ocrx_word' id='word_1_122' title='bbox 651 2144 817 2208; x_wconf 89' lang='lat' dir='ltr'><strong>orationem</strong></span> <span class='ocrx_word' id='word_1_123' title='bbox 840 2165 901 2208; x_wconf 89' lang='lat' dir='ltr'><strong>non</strong></span> <span class='ocrx_word' id='word_1_124' title='bbox 927 2143 1084 2229; x_wconf 88' lang='lat' dir='ltr'><strong>pertinent</strong></span> <span class='ocrx_word' id='word_1_125' title='bbox 1105 2166 1181 2229; x_wconf 90' lang='lat' dir='ltr'><strong>quae</strong></span> <span class='ocrx_word' id='word_1_126' title='bbox 1203 2148 1340 2232; x_wconf 87' lang='lat' dir='ltr'><strong>exempla</strong></span> 
     </span>
    </p>

    <p class='ocr_par' dir='ltr' id='par_1_4' title="bbox 196 2259 1340 2575">
     <span class='ocr_line' id='line_1_16' title="bbox 196 2259 1339 2346; baseline 0.003 -22"><span class='ocrx_word' id='word_1_127' title='bbox 196 2260 343 2345; x_wconf 31' lang='lat' dir='ltr'><strong>*collegit</strong></span> <span class='ocrx_word' id='word_1_128' title='bbox 366 2260 514 2326; x_wconf 86' lang='lat' dir='ltr'><strong>Matthiae</strong></span> <span class='ocrx_word' id='word_1_129' title='bbox 539 2261 592 2326; x_wconf 82' lang='lat' dir='ltr'><strong>Gr.</strong></span> <span class='ocrx_word' id='word_1_130' title='bbox 617 2262 633 2345; x_wconf 67' lang='lat' dir='ltr'><strong>b</strong></span> <span class='ocrx_word' id='word_1_131' title='bbox 658 2263 722 2326; x_wconf 80' lang='lat'><strong>402</strong></span> <span class='ocrx_word' id='word_1_132' title='bbox 746 2259 776 2324; x_wconf 95' lang='lat' dir='ltr'><strong>b.</strong></span> <span class='ocrx_word' id='word_1_133' title='bbox 805 2260 843 2332; x_wconf 84' lang='lat'><strong>3,</strong></span> <span class='ocrx_word' id='word_1_134' title='bbox 878 2281 938 2344; x_wconf 92' lang='lat' dir='ltr'><strong>qno</strong></span> <span class='ocrx_word' id='word_1_135' title='bbox 963 2266 1106 2344; x_wconf 85' lang='lat' dir='ltr'><strong>provocat</strong></span> <span class='ocrx_word' id='word_1_136' title='bbox 1129 2261 1244 2346; x_wconf 93' lang='lat' dir='ltr'><strong>Poppo.</strong></span> <span class='ocrx_word' id='word_1_137' title='bbox 1291 2263 1339 2327; x_wconf 91' lang='lat' dir='ltr'><strong>Ad</strong></span> 
     </span>
     <span class='ocr_line' id='line_1_17' title="bbox 221 2374 1339 2462; baseline 0.002 -23"><span class='ocrx_word' id='word_1_138' title='bbox 221 2398 285 2462; x_wconf 89' lang='lat' dir='ltr'><strong>cap.</strong></span> <span class='ocrx_word' id='word_1_139' title='bbox 311 2380 351 2443; x_wconf 79' lang='grc'><strong>26</strong></span> <span class='ocrx_word' id='word_1_140' title='bbox 376 2399 414 2441; x_wconf 89' lang='lat' dir='ltr'><strong>ne</strong></span> <span class='ocrx_word' id='word_1_141' title='bbox 438 2377 506 2461; x_wconf 87' lang='lat' dir='ltr'><strong>quis</strong></span> <span class='ocrx_word' id='word_1_142' title='bbox 530 2375 699 2461; x_wconf 81' lang='lat' dir='ltr'><strong>confugiat,</strong></span> <span class='ocrx_word' id='word_1_143' title='bbox 733 2375 801 2460; x_wconf 86' lang='lat' dir='ltr'><strong>lega</strong></span> <span class='ocrx_word' id='word_1_144' title='bbox 824 2397 900 2459; x_wconf 89' lang='lat' dir='ltr'><strong>quae</strong></span> <span class='ocrx_word' id='word_1_145' title='bbox 922 2374 966 2439; x_wconf 94' lang='lat' dir='ltr'><strong>ibi</strong></span> <span class='ocrx_word' id='word_1_146' title='bbox 989 2376 1202 2441; x_wconf 81' lang='lat' dir='ltr'><strong>annotavimus</strong></span> <span class='ocrx_word' id='word_1_147' title='bbox 1224 2415 1268 2426; x_wconf 92' lang='lat'><em>-</em></span> <span class='ocrx_word' id='word_1_148' title='bbox 1292 2399 1339 2441; x_wconf 88' lang='lat' dir='ltr'><strong>so·</strong></span> 
     </span>
     <span class='ocr_line' id='line_1_18' title="bbox 220 2488 1340 2575; baseline 0.002 -21"><span class='ocrx_word' id='word_1_149' title='bbox 220 2491 396 2556; x_wconf 86' lang='lat' dir='ltr'><strong>loccismum</strong></span> <span class='ocrx_word' id='word_1_150' title='bbox 418 2492 516 2575; x_wconf 84' lang='lat' dir='ltr'><strong>igitur</strong></span> <span class='ocrx_word' id='word_1_151' title='bbox 531 2491 641 2557; x_wconf 90' lang='lat' dir='ltr'><strong>melius</strong></span> <span class='ocrx_word' id='word_1_152' title='bbox 664 2513 713 2555; x_wconf 90' lang='lat' dir='ltr'><strong>me</strong></span> <span class='ocrx_word' id='word_1_153' title='bbox 735 2490 836 2555; x_wconf 91' lang='lat' dir='ltr'><strong>iudice</strong></span> <span class='ocrx_word' id='word_1_154' title='bbox 850 2489 1073 2555; x_wconf 85' lang='lat' dir='ltr'><strong>removebimus</strong></span> <span class='ocrx_word' id='word_1_155' title='bbox 1090 2488 1221 2556; x_wconf 88' lang='lat' dir='ltr'><strong>delendo</strong></span> <span class='ocrx_word' id='word_1_156' title='bbox 1237 2491 1340 2556; x_wconf 89' lang='lat' dir='ltr'><strong>inutili</strong></span> 
     </span>
    </p>
   </div>
   <div class='ocr_carea' id='block_1_3' title="bbox 221 2605 1341 2808">
    <p class='ocr_par' dir='ltr' id='par_1_5' title="bbox 221 2605 1341 2808">
     <span class='ocr_line' id='line_1_19' title="bbox 221 2605 1340 2702; baseline 0.003 -33"><span class='ocrx_word' id='word_1_157' title='bbox 221 2605 397 2692; x_wconf 89' lang='lat' dir='ltr'><strong>pronomina</strong></span> <span class='ocrx_word' id='word_1_158' title='bbox 421 2628 514 2691; x_wconf 89' lang='lat' dir='ltr'><strong>quarn</strong></span> <span class='ocrx_word' id='word_1_159' title='bbox 537 2605 718 2702; x_wconf 84' lang='lat' dir='ltr'><strong>corrigendo</strong></span> <span class='ocrx_word' id='word_1_160' title='bbox 739 2608 832 2692; x_wconf 80' lang='grc' dir='ltr'><em>αὐτῇ.</em></span> <span class='ocrx_word' id='word_1_161' title='bbox 856 2605 1009 2690; x_wconf 81' lang='lat' dir='ltr'><strong>Agnoscit</strong></span> <span class='ocrx_word' id='word_1_162' title='bbox 1026 2612 1128 2670; x_wconf 88' lang='lat' dir='ltr'><strong>tamen</strong></span> <span class='ocrx_word' id='word_1_163' title='bbox 1149 2609 1251 2691; x_wconf 77' lang='grc' dir='ltr'><em>αὐτήν</em></span> <span class='ocrx_word' id='word_1_164' title='bbox 1268 2606 1340 2672; x_wconf 88' lang='lat' dir='ltr'><strong>Dio·</strong></span> 
     </span>
     <span class='ocr_line' id='line_1_20' title="bbox 221 2718 1341 2808; baseline 0.004 -26"><span class='ocrx_word' id='word_1_165' title='bbox 221 2721 325 2806; x_wconf 84' lang='lat' dir='ltr'><strong>nysius</strong></span> <span class='ocrx_word' id='word_1_166' title='bbox 349 2720 407 2798; x_wconf 89' lang='lat' dir='ltr'><strong>H.,</strong></span> <span class='ocrx_word' id='word_1_167' title='bbox 433 2723 665 2808; x_wconf 88' lang='lat' dir='ltr'><strong>necquicquam</strong></span> <span class='ocrx_word' id='word_1_168' title='bbox 691 2720 846 2785; x_wconf 87' lang='lat' dir='ltr'><strong>varietatis</strong></span> <span class='ocrx_word' id='word_1_169' title='bbox 866 2720 988 2784; x_wconf 86' lang='lat' dir='ltr'><strong>enotavi</strong></span> <span class='ocrx_word' id='word_1_170' title='bbox 1005 2741 1020 2784; x_wconf 91' lang='lat' dir='ltr'><strong>e</strong></span> <span class='ocrx_word' id='word_1_171' title='bbox 1036 2718 1123 2786; x_wconf 82' lang='lat' dir='ltr'><strong>codd.</strong></span> <span class='ocrx_word' id='word_1_172' title='bbox 1150 2719 1250 2785; x_wconf 89' lang='lat' dir='ltr'><strong>Italis.</strong></span> <span class='ocrx_word' id='word_1_173' title='bbox 1273 2721 1341 2786; x_wconf 90' lang='lat' dir='ltr'><strong>Ple·</strong></span> 
     </span>
    </p>
   </div>
   <div class='ocr_carea' id='block_1_4' title="bbox 220 2819 1340 3032">
    <p class='ocr_par' dir='ltr' id='par_1_6' title="bbox 220 2819 1340 3032">
     <span class='ocr_line' id='line_1_21' title="bbox 220 2819 1340 2919; baseline 0.006 -22"><span class='ocrx_word' id='word_1_174' title='bbox 220 2856 346 2919; x_wconf 90' lang='lat' dir='ltr'><strong>rumque</strong></span> <span class='ocrx_word' id='word_1_175' title='bbox 369 2844 471 2900; x_wconf 88' lang='lat' dir='ltr'><strong>autam</strong></span> <span class='ocrx_word' id='word_1_176' title='bbox 495 2859 576 2901; x_wconf 89' lang='lat' dir='ltr'><strong>marc</strong></span> <span class='ocrx_word' id='word_1_177' title='bbox 600 2836 790 2901; x_wconf 85' lang='lat' dir='ltr'><strong>Adriaticum</strong></span> <span class='ocrx_word' id='word_1_178' title='bbox 815 2859 831 2898; x_wconf 88' lang='lat' dir='ltr'><strong>a</strong></span> <span class='ocrx_word' id='word_1_179' title='bbox 856 2834 1007 2899; x_wconf 88' lang='lat' dir='ltr'><strong>veteribus</strong></span> <span class='ocrx_word' id='word_1_180' title='bbox 1028 2819 1156 2900; x_wconf 42' lang='lat' dir='ltr'><strong>&#39;vocatur</strong></span> <span class='ocrx_word' id='word_1_181' title='bbox 1183 2835 1340 2914; x_wconf 88' lang='grc' dir='ltr'><em>όἸόνιος</em></span> 
     </span>
     <span class='ocr_line' id='line_1_22' title="bbox 221 2947 1339 3032; baseline 0.004 -21"><span class='ocrx_word' id='word_1_182' title='bbox 221 2949 287 3012; x_wconf 90' lang='lat' dir='ltr'><strong>sinc</strong></span> <span class='ocrx_word' id='word_1_183' title='bbox 311 2948 511 3014; x_wconf 85' lang='lat' dir='ltr'><strong>substantivo.</strong></span> <span class='ocrx_word' id='word_1_184' title='bbox 558 2950 584 3013; x_wconf 81' lang='lat' dir='ltr'>E</span> <span class='ocrx_word' id='word_1_185' title='bbox 607 2950 714 3014; x_wconf 89' lang='lat' dir='ltr'><strong>multis</strong></span> <span class='ocrx_word' id='word_1_186' title='bbox 743 2948 817 3014; x_wconf 92' lang='lat' dir='ltr'><strong>locis</strong></span> <span class='ocrx_word' id='word_1_187' title='bbox 841 2947 1044 3032; x_wconf 81' lang='lat' dir='ltr'><strong>Thucydideis</strong></span> <span class='ocrx_word' id='word_1_188' title='bbox 1067 2948 1102 3013; x_wconf 90' lang='lat' dir='ltr'><strong>cf.</strong></span> <span class='ocrx_word' id='word_1_189' title='bbox 1128 2947 1174 3013; x_wconf 84' lang='lat' dir='ltr'><strong>VI</strong></span> <span class='ocrx_word' id='word_1_190' title='bbox 1198 2950 1240 3014; x_wconf 86' lang='lat'><strong>30</strong></span> <span class='ocrx_word' id='word_1_191' title='bbox 1263 2951 1277 3031; x_wconf 84' lang='lat'>§</span> <span class='ocrx_word' id='word_1_192' title='bbox 1302 2951 1339 3030; x_wconf 94' lang='grc'><strong>1,</strong></span> 
     </span>
    </p>
   </div>
   <div class='ocr_carea' id='block_1_5' title="bbox 219 3060 1342 3266">
    <p class='ocr_par' dir='ltr' id='par_1_7' title="bbox 219 3060 1342 3266">
     <span class='ocr_line' id='line_1_23' title="bbox 221 3060 1340 3152; baseline 0.001 -23"><span class='ocrx_word' id='word_1_193' title='bbox 221 3067 263 3130; x_wconf 89' lang='grc'><strong>34</strong></span> <span class='ocrx_word' id='word_1_194' title='bbox 286 3069 302 3152; x_wconf 60' lang='grc' dir='ltr'>ᾧ</span> <span class='ocrx_word' id='word_1_195' title='bbox 325 3069 361 3144; x_wconf 90' lang='grc'><strong>4,</strong></span> <span class='ocrx_word' id='word_1_196' title='bbox 387 3069 450 3132; x_wconf 82' lang='grc'><strong>104</strong></span> <span class='ocrx_word' id='word_1_197' title='bbox 475 3067 491 3148; x_wconf 62' lang='grc' dir='ltr'>ᾧ</span> <span class='ocrx_word' id='word_1_198' title='bbox 517 3070 554 3144; x_wconf 80' lang='grc'><strong>2,</strong></span> <span class='ocrx_word' id='word_1_199' title='bbox 578 3065 643 3130; x_wconf 87' lang='lat' dir='ltr'><strong>Vll</strong></span> <span class='ocrx_word' id='word_1_200' title='bbox 667 3067 707 3130; x_wconf 84' lang='grc'><strong>33</strong></span> <span class='ocrx_word' id='word_1_201' title='bbox 732 3067 748 3150; x_wconf 67' lang='lat' dir='ltr'><strong>b</strong></span> <span class='ocrx_word' id='word_1_202' title='bbox 773 3067 803 3130; x_wconf 84' lang='lat'><strong>3.</strong></span> <span class='ocrx_word' id='word_1_203' title='bbox 850 3064 961 3128; x_wconf 82' lang='lat' dir='ltr'><strong>Rarius</strong></span> <span class='ocrx_word' id='word_1_204' title='bbox 984 3063 1117 3128; x_wconf 90' lang='lat' dir='ltr'><strong>additur.</strong></span> <span class='ocrx_word' id='word_1_205' title='bbox 1154 3060 1201 3127; x_wconf 83' lang='lat' dir='ltr'><strong>Of.</strong></span> <span class='ocrx_word' id='word_1_206' title='bbox 1226 3062 1273 3128; x_wconf 79' lang='lat' dir='ltr'><strong>VI</strong></span> <span class='ocrx_word' id='word_1_207' title='bbox 1298 3065 1340 3130; x_wconf 89' lang='grc'><strong>13</strong></span> 
     </span>
     <span class='ocr_line' id='line_1_24' title="bbox 219 3171 1342 3266; baseline 0 -22"><span class='ocrx_word' id='word_1_208' title='bbox 219 3189 251 3244; x_wconf 90' lang='lat' dir='ltr'><strong>et</strong></span> <span class='ocrx_word' id='word_1_209' title='bbox 266 3184 319 3245; x_wconf 89' lang='grc'><strong>44.</strong></span> <span class='ocrx_word' id='word_1_210' title='bbox 344 3180 416 3245; x_wconf 82' lang='grc' dir='ltr'><strong>Νοο</strong></span> <span class='ocrx_word' id='word_1_211' title='bbox 441 3181 531 3245; x_wconf 89' lang='lat' dir='ltr'><strong>mirer</strong></span> <span class='ocrx_word' id='word_1_212' title='bbox 553 3180 692 3266; x_wconf 87' lang='lat' dir='ltr'><strong>equidem</strong></span> <span class='ocrx_word' id='word_1_213' title='bbox 709 3179 735 3242; x_wconf 87' lang='lat' dir='ltr'><strong>si</strong></span> <span class='ocrx_word' id='word_1_214' title='bbox 752 3178 864 3263; x_wconf 91' lang='lat' dir='ltr'><strong>ubique</strong></span> <span class='ocrx_word' id='word_1_215' title='bbox 888 3177 1033 3242; x_wconf 91' lang='lat' dir='ltr'><strong>debeatur</strong></span> <span class='ocrx_word' id='word_1_216' title='bbox 1056 3176 1245 3261; x_wconf 84' lang='lat' dir='ltr'><strong>magistellis.</strong></span> <span class='ocrx_word' id='word_1_217' title='bbox 1274 3171 1342 3244; x_wconf 89' lang='lat' dir='ltr'><strong>Nec</strong></span> 
     </span>
    </p>
   </div>
   <div class='ocr_carea' id='block_1_6' title="bbox 220 3281 1344 4647">
    <p class='ocr_par' dir='ltr' id='par_1_8' title="bbox 220 3281 1344 4647">
     <span class='ocr_line' id='line_1_25' title="bbox 220 3281 1340 3378; baseline -0.002 -18"><span class='ocrx_word' id='word_1_218' title='bbox 220 3298 345 3360; x_wconf 87' lang='lat' dir='ltr'><strong>fortasse</strong></span> <span class='ocrx_word' id='word_1_219' title='bbox 362 3296 434 3359; x_wconf 92' lang='lat' dir='ltr'><strong>olim</strong></span> <span class='ocrx_word' id='word_1_220' title='bbox 456 3295 547 3361; x_wconf 88' lang='lat' dir='ltr'><strong>huius</strong></span> <span class='ocrx_word' id='word_1_221' title='bbox 567 3295 625 3359; x_wconf 92' lang='lat' dir='ltr'><strong>loci</strong></span> <span class='ocrx_word' id='word_1_222' title='bbox 645 3294 737 3359; x_wconf 86' lang='lat' dir='ltr'><strong>iacies</strong></span> <span class='ocrx_word' id='word_1_223' title='bbox 757 3293 814 3357; x_wconf 87' lang='lat' dir='ltr'><strong>alia</strong></span> <span class='ocrx_word' id='word_1_224' title='bbox 836 3293 895 3357; x_wconf 86' lang='lat' dir='ltr'><strong>fuit</strong></span> <span class='ocrx_word' id='word_1_225' title='bbox 909 3314 999 3376; x_wconf 91' lang='lat' dir='ltr'><strong>quam</strong></span> <span class='ocrx_word' id='word_1_226' title='bbox 1025 3293 1114 3359; x_wconf 92' lang='lat' dir='ltr'><strong>haec:</strong></span> <span class='ocrx_word' id='word_1_227' title='bbox 1137 3281 1340 3378; x_wconf 81' lang='grc' dir='ltr'><em>Ἐπίδαμνός</em></span> 
     </span>
     <span class='ocr_line' id='line_1_26' title="bbox 222 3410 1340 3498; baseline -0.001 -19"><span class='ocrx_word' id='word_1_228' title='bbox 222 3417 287 3479; x_wconf 78' lang='grc' dir='ltr'><em>ἐστι</em></span> <span class='ocrx_word' id='word_1_229' title='bbox 314 3413 408 3490; x_wconf 81' lang='grc' dir='ltr'><em>πόλις</em></span> <span class='ocrx_word' id='word_1_230' title='bbox 432 3417 467 3479; x_wconf 77' lang='grc' dir='ltr'><em>ἐν</em></span> <span class='ocrx_word' id='word_1_231' title='bbox 496 3412 586 3498; x_wconf 56' lang='lat' dir='ltr'><strong>daila</strong></span> <span class='ocrx_word' id='word_1_232' title='bbox 619 3413 788 3479; x_wconf 76' lang='grc' dir='ltr'><em>ἐσπλέοντι</em></span> <span class='ocrx_word' id='word_1_233' title='bbox 820 3415 851 3488; x_wconf 78' lang='grc' dir='ltr'><strong>ἐς</strong></span> <span class='ocrx_word' id='word_1_234' title='bbox 883 3415 939 3478; x_wconf 91' lang='grc' dir='ltr'><strong>τόν</strong></span> <span class='ocrx_word' id='word_1_235' title='bbox 966 3410 1101 3478; x_wconf 87' lang='grc' dir='ltr'><em>Ἰόνιον·</em></span> <span class='ocrx_word' id='word_1_236' title='bbox 1135 3420 1340 3498; x_wconf 81' lang='grc' dir='ltr'><em>προσοικοῦσι</em></span> 
     </span>
     <span class='ocr_line' id='line_1_27' title="bbox 221 3524 1281 3612; baseline -0.003 -20"><span class='ocrx_word' id='word_1_237' title='bbox 221 3529 255 3592; x_wconf 69' lang='lat' dir='ltr'><strong>de*</strong></span> <span class='ocrx_word' id='word_1_238' title='bbox 281 3528 499 3593; x_wconf 85' lang='grc' dir='ltr'><em>Ταυλάντιοι.</em></span> <span class='ocrx_word' id='word_1_239' title='bbox 527 3524 710 3610; x_wconf 82' lang='grc' dir='ltr'><em>Ἰλλυρικόν</em></span> <span class='ocrx_word' id='word_1_240' title='bbox 736 3528 844 3601; x_wconf 69' lang='grc' dir='ltr'><em>ἔθνος.</em></span> <span class='ocrx_word' id='word_1_241' title='bbox 874 3531 996 3612; x_wconf 85' lang='grc' dir='ltr'><em>ταύτην</em></span> <span class='ocrx_word' id='word_1_242' title='bbox 1021 3529 1193 3612; x_wconf 67' lang='grc' dir='ltr'><em>α’πῳκισαν</em></span> <span class='ocrx_word' id='word_1_243' title='bbox 1218 3531 1281 3591; x_wconf 77' lang='grc' dir='ltr'><strong>κτὲ.</strong></span> 
     </span>
     <span class='ocr_line' id='line_1_28' title="bbox 265 3637 1341 3725; baseline -0.003 -21"><span class='ocrx_word' id='word_1_244' title='bbox 265 3639 338 3725; x_wconf 81' lang='lat' dir='ltr'><strong>Gap.</strong></span> <span class='ocrx_word' id='word_1_245' title='bbox 364 3643 404 3706; x_wconf 75' lang='grc'><strong>26</strong></span> <span class='ocrx_word' id='word_1_246' title='bbox 429 3641 446 3724; x_wconf 64' lang='lat' dir='ltr'><strong>b</strong></span> <span class='ocrx_word' id='word_1_247' title='bbox 470 3643 504 3716; x_wconf 77' lang='lat'><strong>2,</strong></span> <span class='ocrx_word' id='word_1_248' title='bbox 530 3642 558 3704; x_wconf 85' lang='lat'><strong>3.</strong></span> <span class='ocrx_word' id='word_1_249' title='bbox 607 3639 668 3703; x_wconf 89' lang='lat' dir='ltr'><strong>Hic</strong></span> <span class='ocrx_word' id='word_1_250' title='bbox 696 3639 798 3717; x_wconf 90' lang='lat' dir='ltr'><strong>locus,</strong></span> <span class='ocrx_word' id='word_1_251' title='bbox 822 3639 854 3702; x_wconf 91' lang='lat' dir='ltr'><strong>in</strong></span> <span class='ocrx_word' id='word_1_252' title='bbox 884 3660 945 3723; x_wconf 91' lang='lat' dir='ltr'><strong>quo</strong></span> <span class='ocrx_word' id='word_1_253' title='bbox 972 3639 1106 3703; x_wconf 90' lang='lat' dir='ltr'><strong>narratio</strong></span> <span class='ocrx_word' id='word_1_254' title='bbox 1140 3639 1182 3702; x_wconf 88' lang='lat' dir='ltr'><strong>ita</strong></span> <span class='ocrx_word' id='word_1_255' title='bbox 1217 3637 1341 3702; x_wconf 89' lang='lat' dir='ltr'><strong>obscura</strong></span> 
     </span>
     <span class='ocr_line' id='line_1_29' title="bbox 222 3751 1342 3840; baseline -0.001 -23"><span class='ocrx_word' id='word_1_256' title='bbox 222 3761 282 3830; x_wconf 85' lang='lat' dir='ltr'><strong>est,</strong></span> <span class='ocrx_word' id='word_1_257' title='bbox 305 3761 339 3818; x_wconf 92' lang='lat' dir='ltr'><strong>ut</strong></span> <span class='ocrx_word' id='word_1_258' title='bbox 360 3753 494 3817; x_wconf 87' lang='lat' dir='ltr'><strong>crederes</strong></span> <span class='ocrx_word' id='word_1_259' title='bbox 511 3751 691 3838; x_wconf 84' lang='lat' dir='ltr'><strong>Corcyraeos</strong></span> <span class='ocrx_word' id='word_1_260' title='bbox 709 3761 770 3818; x_wconf 89' lang='lat' dir='ltr'><strong>tres</strong></span> <span class='ocrx_word' id='word_1_261' title='bbox 791 3753 933 3838; x_wconf 87' lang='lat' dir='ltr'><strong>deinceps</strong></span> <span class='ocrx_word' id='word_1_262' title='bbox 948 3753 1157 3840; x_wconf 82' lang='lat' dir='ltr'><strong>expeditiones</strong></span> <span class='ocrx_word' id='word_1_263' title='bbox 1173 3752 1342 3837; x_wconf 89' lang='lat' dir='ltr'><strong>suscepisse</strong></span> 
     </span>
     <span class='ocr_line' id='line_1_30' title="bbox 222 3867 1342 3956; baseline 0.003 -24"><span class='ocrx_word' id='word_1_264' title='bbox 222 3877 325 3932; x_wconf 88' lang='lat' dir='ltr'><strong>contra</strong></span> <span class='ocrx_word' id='word_1_265' title='bbox 345 3867 543 3954; x_wconf 80' lang='lat' dir='ltr'><strong>Epidamnios</strong></span> <span class='ocrx_word' id='word_1_266' title='bbox 566 3868 675 3951; x_wconf 81' lang='grc' dir='ltr'><em>(πέντε</em></span> <span class='ocrx_word' id='word_1_267' title='bbox 703 3876 757 3936; x_wconf 80' lang='grc' dir='ltr'><strong>καὶ</strong></span> <span class='ocrx_word' id='word_1_268' title='bbox 777 3873 878 3936; x_wconf 71' lang='grc' dir='ltr'><em>εἴκοσι</em></span> <span class='ocrx_word' id='word_1_269' title='bbox 896 3876 991 3938; x_wconf 82' lang='grc' dir='ltr'><em>ναυσὶ</em></span> <span class='ocrx_word' id='word_1_270' title='bbox 1009 3909 1044 3917; x_wconf 49' lang='grc' dir='ltr'>κ</span> <span class='ocrx_word' id='word_1_271' title='bbox 1060 3871 1159 3956; x_wconf 79' lang='grc' dir='ltr'><em>ἑτέρῳ</em></span> <span class='ocrx_word' id='word_1_272' title='bbox 1182 3870 1284 3956; x_wconf 80' lang='grc' dir='ltr'><em>στόλῳ</em></span> <span class='ocrx_word' id='word_1_273' title='bbox 1298 3904 1342 3916; x_wconf 85' lang='lat'>-</span> 
     </span>
     <span class='ocr_line' id='line_1_31' title="bbox 221 3982 1341 4069; baseline -0.003 -20"><span class='ocrx_word' id='word_1_274' title='bbox 221 3985 304 4050; x_wconf 82' lang='grc' dir='ltr'><em>οἷλλὰ</em></span> <span class='ocrx_word' id='word_1_275' title='bbox 336 3990 560 4069; x_wconf 69' lang='grc' dir='ltr'><em>στρατεύουσιν</em></span> <span class='ocrx_word' id='word_1_276' title='bbox 586 4021 629 4032; x_wconf 88' lang='lat'><strong>--</strong></span> <span class='ocrx_word' id='word_1_277' title='bbox 653 3993 893 4069; x_wconf 85' lang='grc' dir='ltr'><em>τεσσαράκοντα</em></span> <span class='ocrx_word' id='word_1_278' title='bbox 926 3990 1020 4051; x_wconf 77' lang='grc' dir='ltr'><em>ναυσὶ</em></span> <span class='ocrx_word' id='word_1_279' title='bbox 1046 3987 1152 4068; x_wconf 53' lang='lat' dir='ltr'><strong>uri),</strong></span> <span class='ocrx_word' id='word_1_280' title='bbox 1177 3984 1230 4047; x_wconf 81' lang='lat' dir='ltr'><strong>vix</strong></span> <span class='ocrx_word' id='word_1_281' title='bbox 1252 3982 1341 4047; x_wconf 84' lang='lat' dir='ltr'><strong>aliter</strong></span> 
     </span>
     <span class='ocr_line' id='line_1_32' title="bbox 220 4097 1341 4184; baseline -0.001 -22"><span class='ocrx_word' id='word_1_282' title='bbox 220 4120 310 4182; x_wconf 88' lang='lat' dir='ltr'><strong>quam</strong></span> <span class='ocrx_word' id='word_1_283' title='bbox 341 4099 443 4162; x_wconf 88' lang='lat' dir='ltr'><strong>lituris</strong></span> <span class='ocrx_word' id='word_1_284' title='bbox 475 4098 572 4162; x_wconf 89' lang='lat' dir='ltr'><strong>sanari</strong></span> <span class='ocrx_word' id='word_1_285' title='bbox 606 4121 693 4184; x_wconf 89' lang='lat' dir='ltr'><strong>posse</strong></span> <span class='ocrx_word' id='word_1_286' title='bbox 716 4099 814 4163; x_wconf 93' lang='lat' dir='ltr'><strong>habeo</strong></span> <span class='ocrx_word' id='word_1_287' title='bbox 838 4097 1110 4183; x_wconf 85' lang='lat' dir='ltr'><strong>persuasissimum.</strong></span> <span class='ocrx_word' id='word_1_288' title='bbox 1161 4097 1341 4183; x_wconf 86' lang='lat' dir='ltr'><strong>Scripserim</strong></span> 
     </span>
     <span class='ocr_line' id='line_1_33' title="bbox 220 4214 1340 4308; baseline 0.001 -32"><span class='ocrx_word' id='word_1_289' title='bbox 220 4214 333 4297; x_wconf 87' lang='lat' dir='ltr'><strong>igitur:</strong></span> <span class='ocrx_word' id='word_1_290' title='bbox 370 4220 441 4308; x_wconf 29' lang='grc' dir='ltr'><strong>καὶΙ</strong></span> <span class='ocrx_word' id='word_1_291' title='bbox 460 4215 655 4291; x_wconf 73' lang='grc' dir='ltr'><em>πλεύσαντες</em></span> <span class='ocrx_word' id='word_1_292' title='bbox 687 4215 782 4292; x_wconf 75' lang='grc' dir='ltr'><em>εὐθύς</em></span> <span class='ocrx_word' id='word_1_293' title='bbox 816 4215 912 4280; x_wconf 76' lang='grc' dir='ltr'><em>πέντε</em></span> <span class='ocrx_word' id='word_1_294' title='bbox 946 4219 1000 4279; x_wconf 85' lang='grc' dir='ltr'><strong>καὶ</strong></span> <span class='ocrx_word' id='word_1_295' title='bbox 1032 4215 1130 4279; x_wconf 74' lang='grc' dir='ltr'><em>εἴκοσι</em></span> <span class='ocrx_word' id='word_1_296' title='bbox 1164 4219 1257 4281; x_wconf 77' lang='grc' dir='ltr'><em>ναυσὶ</em></span> <span class='ocrx_word' id='word_1_297' title='bbox 1285 4217 1340 4278; x_wconf 81' lang='grc' dir='ltr'><strong>καὶ</strong></span> 
     </span>
     <span class='ocr_line' id='line_1_34' title="bbox 222 4325 1344 4416; baseline -0.002 -21"><span class='ocrx_word' id='word_1_298' title='bbox 222 4333 353 4415; x_wconf 78' lang='grc' dir='ltr'><em>ὕστερον</em></span> <span class='ocrx_word' id='word_1_299' title='bbox 378 4331 475 4416; x_wconf 79' lang='grc' dir='ltr'><em>ἑτέρῳ</em></span> <span class='ocrx_word' id='word_1_300' title='bbox 499 4331 612 4415; x_wconf 88' lang='grc' dir='ltr'><em>στόλῳ,</em></span> <span class='ocrx_word' id='word_1_301' title='bbox 639 4338 711 4406; x_wconf 86' lang='grc' dir='ltr'><em>τούς</em></span> <span class='ocrx_word' id='word_1_302' title='bbox 735 4357 769 4395; x_wconf 89' lang='grc' dir='ltr'><strong>τε</strong></span> <span class='ocrx_word' id='word_1_303' title='bbox 794 4333 974 4413; x_wconf 83' lang='grc' dir='ltr'><em>φεύγοντας</em></span> <span class='ocrx_word' id='word_1_304' title='bbox 998 4329 1146 4396; x_wconf 79' lang='grc' dir='ltr'><em>ἐκέλευον</em></span> <span class='ocrx_word' id='word_1_305' title='bbox 1173 4325 1245 4394; x_wconf 92' lang='grc' dir='ltr'><em>κατ’</em></span> <span class='ocrx_word' id='word_1_306' title='bbox 1268 4333 1344 4410; x_wconf 78' lang='grc' dir='ltr'><em>ἐπή-</em></span> 
     </span>
     <span class='ocr_line' id='line_1_35' title="bbox 223 4443 1342 4531; baseline 0 -23"><span class='ocrx_word' id='word_1_307' title='bbox 223 4471 314 4530; x_wconf 89' lang='grc' dir='ltr'><em>ρειαν</em></span> <span class='ocrx_word' id='word_1_308' title='bbox 336 4444 488 4531; x_wconf 77' lang='grc' dir='ltr'><em>δέχεσθαι</em></span> <span class='ocrx_word' id='word_1_309' title='bbox 509 4446 625 4522; x_wconf 76' lang='grc' dir='ltr'><em>αὐτούς</em></span> <span class='ocrx_word' id='word_1_310' title='bbox 651 4443 768 4529; x_wconf 78' lang='grc' dir='ltr'><em>(ἦλθον</em></span> <span class='ocrx_word' id='word_1_311' title='bbox 785 4481 829 4491; x_wconf 91' lang='grc'><strong>-</strong></span> <span class='ocrx_word' id='word_1_312' title='bbox 847 4446 1015 4527; x_wconf 83' lang='grc' dir='ltr'><em>κατάγειν)</em></span> <span class='ocrx_word' id='word_1_313' title='bbox 1033 4449 1107 4522; x_wconf 91' lang='grc' dir='ltr'><em>τούς</em></span> <span class='ocrx_word' id='word_1_314' title='bbox 1130 4472 1163 4510; x_wconf 91' lang='grc' dir='ltr'><strong>τε</strong></span> <span class='ocrx_word' id='word_1_315' title='bbox 1188 4445 1342 4529; x_wconf 83' lang='grc' dir='ltr'><em>φρουρούς</em></span> 
     </span>
     <span class='ocr_line' id='line_1_36' title="bbox 224 4553 1344 4647; baseline -0.004 -22"><span class='ocrx_word' id='word_1_316' title='bbox 224 4561 277 4633; x_wconf 81' lang='grc' dir='ltr'><em>οὓς</em></span> <span class='ocrx_word' id='word_1_317' title='bbox 294 4561 469 4643; x_wconf 81' lang='grc' dir='ltr'><em>Κορίνθιοι</em></span> <span class='ocrx_word' id='word_1_318' title='bbox 490 4561 642 4647; x_wconf 74' lang='grc' dir='ltr'><em>ἔπεμψαν</em></span> <span class='ocrx_word' id='word_1_319' title='bbox 668 4566 722 4624; x_wconf 80' lang='grc' dir='ltr'><strong>καὶ</strong></span> <span class='ocrx_word' id='word_1_320' title='bbox 739 4563 813 4636; x_wconf 83' lang='grc' dir='ltr'><em>τούς</em></span> <span class='ocrx_word' id='word_1_321' title='bbox 836 4553 1004 4644; x_wconf 76' lang='grc' dir='ltr'><em>οἰκήτορας</em></span> <span class='ocrx_word' id='word_1_322' title='bbox 1028 4560 1182 4638; x_wconf 72' lang='grc' dir='ltr'><em>α’πόιγειν,</em></span> <span class='ocrx_word' id='word_1_323' title='bbox 1200 4561 1243 4632; x_wconf 74' lang='lat' dir='ltr'><strong>oie</strong></span> <span class='ocrx_word' id='word_1_324' title='bbox 1260 4557 1294 4622; x_wconf 77' lang='grc' dir='ltr'><strong>δὲ</strong></span> <span class='ocrx_word' id='word_1_325' title='bbox 1312 4560 1344 4621; x_wconf 80' lang='grc' dir='ltr'><em>οἱ</em></span> 
     </span>
    </p>
   </div>
   <div class='ocr_carea' id='block_1_7' title="bbox 0 0 1606 5232">
    <p class='ocr_par' dir='ltr' id='par_1_9' title="bbox 0 0 1606 5232">
     <span class='ocr_line' id='line_1_37' title="bbox 0 0 1606 5232; baseline 0 0"><span class='ocrx_word' id='word_1_326' title='bbox 0 0 1606 5232; x_wconf 95' lang='lat' dir='ltr'><strong> </strong></span> 
     </span>
    </p>
   </div>
  </div>
 </body>
</html>
