<?xml version="1.0" encoding="UTF-8"?>
<!DOCTYPE html PUBLIC "-//W3C//DTD XHTML 1.0 Transitional//EN"
    "http://www.w3.org/TR/xhtml1/DTD/xhtml1-transitional.dtd">
<html xmlns="http://www.w3.org/1999/xhtml" xml:lang="en" lang="en">
 <head>
  <title>
</title>
<meta http-equiv="Content-Type" content="text/html;charset=utf-8" />
  <meta name='ocr-system' content='tesseract 3.04.00' />
  <meta name='ocr-capabilities' content='ocr_page ocr_carea ocr_par ocr_line ocrx_word'/>
</head>
<body>
  <div class='ocr_page' id='page_1' title='image "./studiathucydide00herwgoog_0088.png"; bbox 0 0 3190 5232; ppageno 0'>
   <div class='ocr_carea' id='block_1_1' title="bbox 743 495 784 564">
    <p class='ocr_par' dir='ltr' id='par_1_1' title="bbox 743 495 784 564">
     <span class='ocr_line' id='line_1_1' title="bbox 743 495 784 564; baseline 0.049 -2"><span class='ocrx_word' id='word_1_1' title='bbox 743 495 784 564; x_wconf 79' lang='lat'><strong><em>75</em></strong></span> 
     </span>
    </p>
   </div>
   <div class='ocr_carea' id='block_1_2' title="bbox 164 686 1343 2618">
    <p class='ocr_par' dir='ltr' id='par_1_2' title="bbox 164 686 1343 2387">
     <span class='ocr_line' id='line_1_2' title="bbox 248 686 1320 776; baseline 0.004 -26"><span class='ocrx_word' id='word_1_2' title='bbox 248 686 347 772; x_wconf 73' lang='lat' dir='ltr'><strong>lOap.</strong></span> <span class='ocrx_word' id='word_1_3' title='bbox 369 691 411 754; x_wconf 84' lang='grc'><strong><em>46</em></strong></span> <span class='ocrx_word' id='word_1_4' title='bbox 435 691 452 773; x_wconf 67' lang='lat' dir='ltr'><strong>b</strong></span> <span class='ocrx_word' id='word_1_5' title='bbox 470 692 500 753; x_wconf 90' lang='grc'><strong><em>1.</em></strong></span> <span class='ocrx_word' id='word_1_6' title='bbox 522 695 540 756; x_wconf 91' lang='lat' dir='ltr'><strong><em>o‘</em></strong></span> <span class='ocrx_word' id='word_1_7' title='bbox 556 693 681 766; x_wconf 87' lang='grc' dir='ltr'><strong><em>Νικίας</em></strong></span> <span class='ocrx_word' id='word_1_8' title='bbox 698 695 814 776; x_wconf 87' lang='grc' dir='ltr'><strong><em>καίπερ</em></strong></span> <span class='ocrx_word' id='word_1_9' title='bbox 834 690 913 774; x_wconf 82' lang='grc' dir='ltr'><strong><em>[τῶν</em></strong></span> <span class='ocrx_word' id='word_1_10' title='bbox 926 693 1196 775; x_wconf 74' lang='grc' dir='ltr'><strong><em>Λακεδαιμονίων</em></strong></span> <span class='ocrx_word' id='word_1_11' title='bbox 1212 689 1320 756; x_wconf 77' lang='grc' dir='ltr'><strong><em>αὐτῶν</em></strong></span> 
     </span>
     <span class='ocr_line' id='line_1_3' title="bbox 204 804 1318 892; baseline -0.001 -21"><span class='ocrx_word' id='word_1_12' title='bbox 204 805 436 889; x_wconf 69' lang='grc' dir='ltr'>ἠπατημένων]</span> <span class='ocrx_word' id='word_1_13' title='bbox 460 810 525 878; x_wconf 66' lang='grc' dir='ltr'><strong><em>,καί</em></strong></span> <span class='ocrx_word' id='word_1_14' title='bbox 554 807 650 881; x_wconf 79' lang='grc' dir='ltr'><strong><em>αὐτὸς</em></strong></span> <span class='ocrx_word' id='word_1_15' title='bbox 684 806 924 892; x_wconf 70' lang='grc' dir='ltr'><strong><em>ἐξηπατημένος</em></strong></span> <span class='ocrx_word' id='word_1_16' title='bbox 958 804 1043 890; x_wconf 85' lang='grc' dir='ltr'><strong><em>[περί</em></strong></span> <span class='ocrx_word' id='word_1_17' title='bbox 1068 813 1122 871; x_wconf 81' lang='grc' dir='ltr'><strong><em>τοῦ</em></strong></span> <span class='ocrx_word' id='word_1_18' title='bbox 1149 841 1190 850; x_wconf 93' lang='lat'><em>-</em></span> <span class='ocrx_word' id='word_1_19' title='bbox 1213 805 1318 889; x_wconf 75' lang='grc' dir='ltr'><strong><em>ἥκειν]</em></strong></span> 
     </span>
     <span class='ocr_line' id='line_1_4' title="bbox 202 916 1320 1005; baseline -0.004 -20"><span class='ocrx_word' id='word_1_20' title='bbox 202 923 285 1005; x_wconf 83' lang='grc' dir='ltr'><strong><em>ὅμως</em></strong></span> <span class='ocrx_word' id='word_1_21' title='bbox 313 927 378 987; x_wconf 82' lang='grc' dir='ltr'><strong><em>κτὲ.</em></strong></span> <span class='ocrx_word' id='word_1_22' title='bbox 424 917 471 983; x_wconf 81' lang='lat' dir='ltr'><strong><em>Of.</em></strong></span> <span class='ocrx_word' id='word_1_23' title='bbox 500 939 563 1002; x_wconf 89' lang='lat' dir='ltr'><strong>cap.</strong></span> <span class='ocrx_word' id='word_1_24' title='bbox 592 941 689 1002; x_wconf 90' lang='lat' dir='ltr'><strong>praec.</strong></span> <span class='ocrx_word' id='word_1_25' title='bbox 722 921 793 1003; x_wconf 62' lang='lat' dir='ltr'><strong><em>bb.</em></strong></span> <span class='ocrx_word' id='word_1_26' title='bbox 840 918 881 982; x_wconf 82' lang='lat' dir='ltr'><strong><em>llt</em></strong></span> <span class='ocrx_word' id='word_1_27' title='bbox 908 918 1075 1002; x_wconf 85' lang='lat' dir='ltr'><strong>incongrua</strong></span> <span class='ocrx_word' id='word_1_28' title='bbox 1105 916 1199 980; x_wconf 91' lang='lat' dir='ltr'><strong>menti</strong></span> <span class='ocrx_word' id='word_1_29' title='bbox 1229 918 1320 1001; x_wconf 87' lang='lat' dir='ltr'><strong>scrip·</strong></span> 
     </span>
     <span class='ocr_line' id='line_1_5' title="bbox 204 1034 1319 1128; baseline -0.004 -28"><span class='ocrx_word' id='word_1_30' title='bbox 204 1037 278 1100; x_wconf 90' lang='lat' dir='ltr'><strong>toris</strong></span> <span class='ocrx_word' id='word_1_31' title='bbox 310 1044 381 1102; x_wconf 89' lang='lat' dir='ltr'><strong>sunt</strong></span> <span class='ocrx_word' id='word_1_32' title='bbox 413 1059 488 1128; x_wconf 86' lang='lat' dir='ltr'><strong>quac</strong></span> <span class='ocrx_word' id='word_1_33' title='bbox 518 1037 596 1122; x_wconf 84' lang='lat' dir='ltr'><strong>sepsi</strong></span> <span class='ocrx_word' id='word_1_34' title='bbox 627 1037 744 1102; x_wconf 90' lang='lat' dir='ltr'><strong>uncinis</strong></span> <span class='ocrx_word' id='word_1_35' title='bbox 775 1046 805 1102; x_wconf 91' lang='lat' dir='ltr'><strong><em>et</em></strong></span> <span class='ocrx_word' id='word_1_36' title='bbox 835 1061 941 1124; x_wconf 86' lang='lat' dir='ltr'><strong>spurca</strong></span> <span class='ocrx_word' id='word_1_37' title='bbox 973 1038 1108 1104; x_wconf 87' lang='lat' dir='ltr'><strong>oratione</strong></span> <span class='ocrx_word' id='word_1_38' title='bbox 1140 1034 1319 1116; x_wconf 86' lang='lat' dir='ltr'><strong>conscripta.</strong></span> 
     </span>
     <span class='ocr_line' id='line_1_6' title="bbox 202 1123 1318 1235; baseline 0.007 -19"><span class='ocrx_word' id='word_1_39' title='bbox 202 1152 282 1216; x_wconf 88' lang='lat' dir='ltr'><strong><em>Nam</em></strong></span> <span class='ocrx_word' id='word_1_40' title='bbox 303 1151 442 1234; x_wconf 87' lang='lat' dir='ltr'><strong>deceptos</strong></span> <span class='ocrx_word' id='word_1_41' title='bbox 458 1123 525 1216; x_wconf 64' lang='lat' dir='ltr'><strong>esse</strong></span> <span class='ocrx_word' id='word_1_42' title='bbox 541 1152 675 1217; x_wconf 81' lang='lat' dir='ltr'>Lacones</span> <span class='ocrx_word' id='word_1_43' title='bbox 690 1152 768 1217; x_wconf 88' lang='lat' dir='ltr'><strong>nihil</strong></span> <span class='ocrx_word' id='word_1_44' title='bbox 785 1155 938 1220; x_wconf 75' lang='lat' dir='ltr'><strong>attinebat</strong></span> <span class='ocrx_word' id='word_1_45' title='bbox 954 1155 1014 1220; x_wconf 90' lang='lat' dir='ltr'><strong>h.l.</strong></span> <span class='ocrx_word' id='word_1_46' title='bbox 1033 1155 1151 1220; x_wconf 79' lang='lat' dir='ltr'><strong><em>diserte</em></strong></span> <span class='ocrx_word' id='word_1_47' title='bbox 1167 1155 1318 1235; x_wconf 77' lang='lat' dir='ltr'><strong>repetere,</strong></span> 
     </span>
     <span class='ocr_line' id='line_1_7' title="bbox 201 1264 1320 1355; baseline -0.003 -25"><span class='ocrx_word' id='word_1_48' title='bbox 201 1265 345 1350; x_wconf 88' lang='lat' dir='ltr'><strong>quoniam</strong></span> <span class='ocrx_word' id='word_1_49' title='bbox 376 1267 419 1330; x_wconf 89' lang='lat' dir='ltr'><strong><em>rei</em></strong></span> <span class='ocrx_word' id='word_1_50' title='bbox 447 1267 536 1332; x_wconf 88' lang='lat' dir='ltr'><strong>cardo</strong></span> <span class='ocrx_word' id='word_1_51' title='bbox 557 1267 696 1333; x_wconf 82' lang='lat' dir='ltr'><strong>&#39;vertitur</strong></span> <span class='ocrx_word' id='word_1_52' title='bbox 728 1269 760 1332; x_wconf 90' lang='lat' dir='ltr'><strong><em>in</em></strong></span> <span class='ocrx_word' id='word_1_53' title='bbox 787 1270 908 1348; x_wconf 85' lang='lat' dir='ltr'><strong>fraude,</strong></span> <span class='ocrx_word' id='word_1_54' title='bbox 942 1271 972 1334; x_wconf 87' lang='lat' dir='ltr'><strong><em>in</em></strong></span> <span class='ocrx_word' id='word_1_55' title='bbox 1005 1291 1095 1355; x_wconf 88' lang='lat' dir='ltr'><strong>quam</strong></span> <span class='ocrx_word' id='word_1_56' title='bbox 1124 1268 1189 1352; x_wconf 80' lang='lat' dir='ltr'><strong>ipse</strong></span> <span class='ocrx_word' id='word_1_57' title='bbox 1215 1264 1320 1330; x_wconf 85' lang='lat' dir='ltr'><strong>Nicias</strong></span> 
     </span>
     <span class='ocr_line' id='line_1_8' title="bbox 200 1379 1322 1469; baseline 0 -25"><span class='ocrx_word' id='word_1_58' title='bbox 200 1380 362 1459; x_wconf 81' lang='lat' dir='ltr'><strong>inciderat,</strong></span> <span class='ocrx_word' id='word_1_59' title='bbox 386 1381 477 1466; x_wconf 89' lang='lat' dir='ltr'><strong>idque</strong></span> <span class='ocrx_word' id='word_1_60' title='bbox 493 1404 529 1446; x_wconf 91' lang='lat' dir='ltr'><strong><em>eo</em></strong></span> <span class='ocrx_word' id='word_1_61' title='bbox 546 1383 646 1447; x_wconf 77' lang='lat' dir='ltr'><strong>minus</strong></span> <span class='ocrx_word' id='word_1_62' title='bbox 670 1383 751 1468; x_wconf 85' lang='lat' dir='ltr'><strong>quod</strong></span> <span class='ocrx_word' id='word_1_63' title='bbox 773 1385 861 1452; x_wconf 75' lang='lat' dir='ltr'><strong>illud</strong></span> <span class='ocrx_word' id='word_1_64' title='bbox 882 1386 943 1450; x_wconf 89' lang='lat' dir='ltr'><strong><em>iam</em></strong></span> <span class='ocrx_word' id='word_1_65' title='bbox 964 1384 1152 1469; x_wconf 79' lang='lat' dir='ltr'><strong>significatur</strong></span> <span class='ocrx_word' id='word_1_66' title='bbox 1168 1379 1322 1446; x_wconf 86' lang='lat' dir='ltr'><strong>vocabulis</strong></span> 
     </span>
     <span class='ocr_line' id='line_1_9' title="bbox 201 1493 1320 1582; baseline -0.005 -19"><span class='ocrx_word' id='word_1_67' title='bbox 201 1507 255 1564; x_wconf 81' lang='grc' dir='ltr'><strong><em>καί</em></strong></span> <span class='ocrx_word' id='word_1_68' title='bbox 277 1501 385 1574; x_wconf 80' lang='grc' dir='ltr'><strong><em>αὐτὸς,</em></strong></span> <span class='ocrx_word' id='word_1_69' title='bbox 411 1504 478 1562; x_wconf 88' lang='lat' dir='ltr'><strong><em>tum</em></strong></span> <span class='ocrx_word' id='word_1_70' title='bbox 495 1498 768 1582; x_wconf 83' lang='lat' dir='ltr'><strong>prorsus&#39;absurde</strong></span> <span class='ocrx_word' id='word_1_71' title='bbox 789 1499 914 1564; x_wconf 88' lang='lat' dir='ltr'><strong>additur</strong></span> <span class='ocrx_word' id='word_1_72' title='bbox 937 1505 1053 1572; x_wconf 82' lang='grc' dir='ltr'><strong><em>αὐτῶν,</em></strong></span> <span class='ocrx_word' id='word_1_73' title='bbox 1076 1497 1199 1562; x_wconf 88' lang='lat' dir='ltr'><strong>tandem</strong></span> <span class='ocrx_word' id='word_1_74' title='bbox 1214 1493 1320 1558; x_wconf 81' lang='lat' dir='ltr'><strong>Nicias</strong></span> 
     </span>
     <span class='ocr_line' id='line_1_10' title="bbox 200 1609 1320 1700; baseline 0.002 -26"><span class='ocrx_word' id='word_1_75' title='bbox 200 1634 262 1676; x_wconf 87' lang='lat' dir='ltr'><strong><em>non</em></strong></span> <span class='ocrx_word' id='word_1_76' title='bbox 296 1615 473 1700; x_wconf 84' lang='grc' dir='ltr'><strong><em>ἐξηπάτητο</em></strong></span> <span class='ocrx_word' id='word_1_77' title='bbox 505 1619 598 1700; x_wconf 85' lang='grc' dir='ltr'><strong><em>περί</em></strong></span> <span class='ocrx_word' id='word_1_78' title='bbox 623 1622 694 1682; x_wconf 80' lang='grc' dir='ltr'><strong><em>τοῦ</em></strong></span> <span class='ocrx_word' id='word_1_79' title='bbox 718 1613 769 1677; x_wconf 82' lang='lat' dir='ltr'><strong><em>sed</em></strong></span> <span class='ocrx_word' id='word_1_80' title='bbox 793 1623 844 1698; x_wconf 85' lang='grc' dir='ltr'><strong><em>τῷ</em></strong></span> <span class='ocrx_word' id='word_1_81' title='bbox 874 1622 916 1698; x_wconf 80' lang='grc' dir='ltr'><strong><em>μὴ</em></strong></span> <span class='ocrx_word' id='word_1_82' title='bbox 944 1618 1181 1699; x_wconf 77' lang='grc' dir='ltr'><strong><em>αὐτοκράτορας</em></strong></span> <span class='ocrx_word' id='word_1_83' title='bbox 1207 1609 1320 1696; x_wconf 81' lang='grc' dir='ltr'><strong><em>ὁμολο-</em></strong></span> 
     </span>
     <span class='ocr_line' id='line_1_11' title="bbox 200 1721 1315 1814; baseline -0.007 -19"><span class='ocrx_word' id='word_1_84' title='bbox 200 1735 295 1811; x_wconf 84' lang='grc' dir='ltr'><strong><em>γῆσαι</em></strong></span> <span class='ocrx_word' id='word_1_85' title='bbox 319 1721 419 1809; x_wconf 75' lang='grc' dir='ltr'><strong><em>ἣκειν.</em></strong></span> <span class='ocrx_word' id='word_1_86' title='bbox 459 1727 612 1793; x_wconf 82' lang='lat' dir='ltr'><strong>Vocabula</strong></span> <span class='ocrx_word' id='word_1_87' title='bbox 634 1735 700 1796; x_wconf 82' lang='grc' dir='ltr'><strong><em>τῶν</em></strong></span> <span class='ocrx_word' id='word_1_88' title='bbox 725 1738 812 1796; x_wconf 84' lang='grc' dir='ltr'><strong><em>Λακ.</em></strong></span> <span class='ocrx_word' id='word_1_89' title='bbox 839 1767 883 1776; x_wconf 91' lang='lat'><em>-</em></span> <span class='ocrx_word' id='word_1_90' title='bbox 903 1731 1118 1814; x_wconf 77' lang='grc' dir='ltr'><strong><em>ἠπατημένων</em></strong></span> <span class='ocrx_word' id='word_1_91' title='bbox 1143 1725 1169 1788; x_wconf 86' lang='lat' dir='ltr'><strong><em>si</em></strong></span> <span class='ocrx_word' id='word_1_92' title='bbox 1191 1747 1240 1788; x_wconf 89' lang='lat' dir='ltr'><strong><em>me</em></strong></span> <span class='ocrx_word' id='word_1_93' title='bbox 1263 1746 1315 1787; x_wconf 89' lang='lat' dir='ltr'><strong><em>au·</em></strong></span> 
     </span>
     <span class='ocr_line' id='line_1_12' title="bbox 200 1837 1317 1926; baseline -0.003 -22"><span class='ocrx_word' id='word_1_94' title='bbox 200 1841 258 1913; x_wconf 78' lang='lat' dir='ltr'><strong>dia,</strong></span> <span class='ocrx_word' id='word_1_95' title='bbox 293 1852 364 1906; x_wconf 78' lang='lat' dir='ltr'><strong>aunt</strong></span> <span class='ocrx_word' id='word_1_96' title='bbox 388 1841 535 1906; x_wconf 87' lang='lat' dir='ltr'><strong>scholium</strong></span> <span class='ocrx_word' id='word_1_97' title='bbox 564 1843 729 1926; x_wconf 80' lang='lat' dir='ltr'><strong>marginata</strong></span> <span class='ocrx_word' id='word_1_98' title='bbox 757 1842 796 1906; x_wconf 88' lang='lat' dir='ltr'><strong><em>ad</em></strong></span> <span class='ocrx_word' id='word_1_99' title='bbox 829 1841 918 1907; x_wconf 85' lang='lat' dir='ltr'><strong>verba</strong></span> <span class='ocrx_word' id='word_1_100' title='bbox 950 1847 1021 1910; x_wconf 85' lang='grc' dir='ltr'><strong><em>καί</em></strong></span> <span class='ocrx_word' id='word_1_101' title='bbox 1056 1843 1194 1920; x_wconf 84' lang='grc' dir='ltr'><strong><em>αὐτὸς,</em></strong></span> <span class='ocrx_word' id='word_1_102' title='bbox 1227 1837 1317 1902; x_wconf 88' lang='lat' dir='ltr'><strong>verba</strong></span> 
     </span>
     <span class='ocr_line' id='line_1_13' title="bbox 198 1956 1316 2046; baseline -0.002 -24"><span class='ocrx_word' id='word_1_103' title='bbox 198 1963 270 2039; x_wconf 80' lang='grc' dir='ltr'><strong><em>περὶ</em></strong></span> <span class='ocrx_word' id='word_1_104' title='bbox 300 1993 341 2002; x_wconf 92' lang='grc'><strong>-</strong></span> <span class='ocrx_word' id='word_1_105' title='bbox 368 1963 458 2041; x_wconf 70' lang='grc' dir='ltr'><strong><em>ἥκειν</em></strong></span> <span class='ocrx_word' id='word_1_106' title='bbox 486 1957 524 2020; x_wconf 82' lang='lat' dir='ltr'><strong><em>ad</em></strong></span> <span class='ocrx_word' id='word_1_107' title='bbox 558 1961 891 2046; x_wconf 72' lang='grc' dir='ltr'><strong><em>ἐξηπατημένος.</em></strong></span> <span class='ocrx_word' id='word_1_108' title='bbox 928 1956 1023 2034; x_wconf 87' lang='lat' dir='ltr'><strong>†Ib.</strong></span> <span class='ocrx_word' id='word_1_109' title='bbox 1049 1958 1150 2038; x_wconf 83' lang='grc' dir='ltr'><strong><em>λέγων</em></strong></span> <span class='ocrx_word' id='word_1_110' title='bbox 1182 1961 1225 2022; x_wconf 82' lang='grc' dir='ltr'><strong><em>ἐν</em></strong></span> <span class='ocrx_word' id='word_1_111' title='bbox 1258 1959 1316 2038; x_wconf 83' lang='grc' dir='ltr'><strong><em>μέν</em></strong></span> 
     </span>
     <span class='ocr_line' id='line_1_14' title="bbox 198 2068 1343 2159; baseline -0.003 -20"><span class='ocrx_word' id='word_1_112' title='bbox 198 2081 242 2155; x_wconf 83' lang='grc' dir='ltr'><strong><em>τῷ</em></strong></span> <span class='ocrx_word' id='word_1_113' title='bbox 272 2074 411 2159; x_wconf 78' lang='grc' dir='ltr'><strong><em>σφετέρῳ</em></strong></span> <span class='ocrx_word' id='word_1_114' title='bbox 437 2074 525 2158; x_wconf 83' lang='grc' dir='ltr'><strong><em>καλῷ</em></strong></span> <span class='ocrx_word' id='word_1_115' title='bbox 551 2079 592 2142; x_wconf 79' lang='grc' dir='ltr'><strong><em>ἐν</em></strong></span> <span class='ocrx_word' id='word_1_116' title='bbox 617 2075 651 2140; x_wconf 80' lang='grc' dir='ltr'><strong><em>δέ</em></strong></span> <span class='ocrx_word' id='word_1_117' title='bbox 679 2083 723 2158; x_wconf 83' lang='grc' dir='ltr'><strong><em>τῷ</em></strong></span> <span class='ocrx_word' id='word_1_118' title='bbox 760 2079 892 2142; x_wconf 78' lang='grc' dir='ltr'><strong><em>ἐκείνων</em></strong></span> <span class='ocrx_word' id='word_1_119' title='bbox 928 2075 1066 2156; x_wconf 81' lang='grc' dir='ltr'><strong><em>οίπρεπεῒ</em></strong></span> <span class='ocrx_word' id='word_1_120' title='bbox 1094 2074 1150 2137; x_wconf 89' lang='grc' dir='ltr'><strong><em>τὸν</em></strong></span> <span class='ocrx_word' id='word_1_121' title='bbox 1176 2068 1343 2151; x_wconf 82' lang='grc' dir='ltr'><strong><em>πόλεμον</em></strong></span> 
     </span>
     <span class='ocr_line' id='line_1_15' title="bbox 196 2182 1316 2275; baseline -0.008 -23"><span class='ocrx_word' id='word_1_122' title='bbox 196 2188 453 2275; x_wconf 72' lang='grc' dir='ltr'><strong><em>ἀναβάλλεσθαι.</em></strong></span> <span class='ocrx_word' id='word_1_123' title='bbox 499 2187 668 2272; x_wconf 84' lang='lat' dir='ltr'><strong>Utrobique</strong></span> <span class='ocrx_word' id='word_1_124' title='bbox 694 2186 856 2272; x_wconf 86' lang='lat' dir='ltr'><strong>legendum</strong></span> <span class='ocrx_word' id='word_1_125' title='bbox 883 2185 1004 2250; x_wconf 85' lang='lat' dir='ltr'><strong>videtur</strong></span> <span class='ocrx_word' id='word_1_126' title='bbox 1034 2187 1052 2262; x_wconf 83' lang='grc' dir='ltr'><em>ξ</em></span> <span class='ocrx_word' id='word_1_127' title='bbox 1060 2189 1081 2250; x_wconf 81' lang='grc' dir='ltr'><strong><em>υ</em></strong></span> <span class='ocrx_word' id='word_1_128' title='bbox 1089 2212 1116 2251; x_wconf 91' lang='grc' dir='ltr'><strong><em>ν.</em></strong></span> <span class='ocrx_word' id='word_1_129' title='bbox 1163 2182 1212 2246; x_wconf 88' lang='lat' dir='ltr'><strong><em>cf.</em></strong></span> <span class='ocrx_word' id='word_1_130' title='bbox 1238 2203 1265 2244; x_wconf 91' lang='lat' dir='ltr'><strong><em>v.</em></strong></span> <span class='ocrx_word' id='word_1_131' title='bbox 1288 2191 1316 2244; x_wconf 89' lang='grc' dir='ltr'><strong><em>ὀ.</em></strong></span> 
     </span>
     <span class='ocr_line' id='line_1_16' title="bbox 164 2300 655 2387; baseline 0.002 -23"><span class='ocrx_word' id='word_1_132' title='bbox 164 2310 166 2317; x_wconf 81' lang='lat'><em>&#39;</em></span> <span class='ocrx_word' id='word_1_133' title='bbox 196 2301 278 2364; x_wconf 87' lang='lat' dir='ltr'><strong>Xon.</strong></span> <span class='ocrx_word' id='word_1_134' title='bbox 305 2300 416 2387; x_wconf 83' lang='lat' dir='ltr'><strong>Cyrop.</strong></span> <span class='ocrx_word' id='word_1_135' title='bbox 440 2301 493 2365; x_wconf 94' lang='grc' dir='ltr'><strong><em>ΙΙΙ</em></strong></span> <span class='ocrx_word' id='word_1_136' title='bbox 517 2306 534 2367; x_wconf 97' lang='grc'>1</span> <span class='ocrx_word' id='word_1_137' title='bbox 561 2303 578 2385; x_wconf 61' lang='lat' dir='ltr'><strong>b</strong></span> <span class='ocrx_word' id='word_1_138' title='bbox 603 2303 655 2367; x_wconf 88' lang='lat'><strong><em>15.</em></strong></span> 
     </span>
    </p>

    <p class='ocr_par' dir='ltr' id='par_1_3' title="bbox 197 2415 1316 2618">
     <span class='ocr_line' id='line_1_17' title="bbox 241 2415 1316 2505; baseline -0.007 -20"><span class='ocrx_word' id='word_1_139' title='bbox 241 2415 315 2501; x_wconf 77' lang='lat' dir='ltr'><strong><em>Cap.</em></strong></span> <span class='ocrx_word' id='word_1_140' title='bbox 347 2420 389 2480; x_wconf 83' lang='grc'><strong><em>47</em></strong></span> <span class='ocrx_word' id='word_1_141' title='bbox 415 2419 474 2501; x_wconf 68' lang='lat'><strong><em>§7</em></strong></span> <span class='ocrx_word' id='word_1_142' title='bbox 507 2427 548 2502; x_wconf 81' lang='grc' dir='ltr'><strong><em>μη</em></strong></span> <span class='ocrx_word' id='word_1_143' title='bbox 573 2420 808 2505; x_wconf 85' lang='grc' dir='ltr'><strong><em>ψηφισαμένων</em></strong></span> <span class='ocrx_word' id='word_1_144' title='bbox 836 2422 901 2484; x_wconf 83' lang='grc' dir='ltr'><strong><em>τῶν</em></strong></span> <span class='ocrx_word' id='word_1_145' title='bbox 936 2416 1059 2483; x_wconf 82' lang='grc' dir='ltr'><strong><em>πόλεων</em></strong></span> <span class='ocrx_word' id='word_1_146' title='bbox 1097 2415 1233 2479; x_wconf 82' lang='grc' dir='ltr'><strong><em>ἁπασῶν</em></strong></span> <span class='ocrx_word' id='word_1_147' title='bbox 1258 2418 1316 2494; x_wconf 81' lang='grc' dir='ltr'><strong><em>τὴν</em></strong></span> 
     </span>
     <span class='ocr_line' id='line_1_18' title="bbox 197 2527 1315 2618; baseline -0.007 -21"><span class='ocrx_word' id='word_1_148' title='bbox 197 2533 305 2599; x_wconf 77' lang='grc' dir='ltr'><strong><em>διόδου</em></strong></span> <span class='ocrx_word' id='word_1_149' title='bbox 335 2527 418 2600; x_wconf 76' lang='grc' dir='ltr'><strong><em>εἶναι</em></strong></span> <span class='ocrx_word' id='word_1_150' title='bbox 446 2533 648 2618; x_wconf 76' lang='grc' dir='ltr'><strong><em>[Αθηναίων</em></strong></span> <span class='ocrx_word' id='word_1_151' title='bbox 676 2537 731 2598; x_wconf 86' lang='grc' dir='ltr'><strong><em>καί</em></strong></span> <span class='ocrx_word' id='word_1_152' title='bbox 757 2534 921 2614; x_wconf 79' lang='grc' dir='ltr'><strong><em>Ἀργείων</em></strong></span> <span class='ocrx_word' id='word_1_153' title='bbox 952 2535 1006 2596; x_wconf 88' lang='grc' dir='ltr'><strong><em>καί</em></strong></span> <span class='ocrx_word' id='word_1_154' title='bbox 1032 2527 1233 2596; x_wconf 85' lang='grc' dir='ltr'><strong><em>Μαντινέων</em></strong></span> <span class='ocrx_word' id='word_1_155' title='bbox 1260 2532 1315 2590; x_wconf 83' lang='grc' dir='ltr'><strong><em>καὶ</em></strong></span> 
     </span>
    </p>
   </div>
   <div class='ocr_carea' id='block_1_3' title="bbox 195 2639 1316 2845">
    <p class='ocr_par' dir='ltr' id='par_1_4' title="bbox 195 2639 1316 2845">
     <span class='ocr_line' id='line_1_19' title="bbox 196 2639 1316 2732; baseline -0.005 -20"><span class='ocrx_word' id='word_1_156' title='bbox 196 2643 363 2730; x_wconf 80' lang='grc' dir='ltr'><strong><em>Ἠλείων].</em></strong></span> <span class='ocrx_word' id='word_1_157' title='bbox 408 2646 458 2711; x_wconf 86' lang='grc' dir='ltr'><strong><em>Νο</em></strong></span> <span class='ocrx_word' id='word_1_158' title='bbox 494 2645 699 2732; x_wconf 85' lang='lat' dir='ltr'><strong>praestiterim</strong></span> <span class='ocrx_word' id='word_1_159' title='bbox 730 2644 852 2729; x_wconf 89' lang='lat' dir='ltr'><strong>quidem</strong></span> <span class='ocrx_word' id='word_1_160' title='bbox 878 2643 968 2708; x_wconf 86' lang='lat' dir='ltr'><strong>verba</strong></span> <span class='ocrx_word' id='word_1_161' title='bbox 991 2651 1050 2727; x_wconf 80' lang='grc' dir='ltr'><strong><em>τὴν</em></strong></span> <span class='ocrx_word' id='word_1_162' title='bbox 1078 2681 1119 2690; x_wconf 90' lang='lat'><strong><em>—-</em></strong></span> <span class='ocrx_word' id='word_1_163' title='bbox 1142 2639 1226 2710; x_wconf 77' lang='grc' dir='ltr'><strong><em>εἶναι</em></strong></span> <span class='ocrx_word' id='word_1_164' title='bbox 1250 2664 1316 2706; x_wconf 84' lang='lat' dir='ltr'><strong>esse</strong></span> 
     </span>
     <span class='ocr_line' id='line_1_20' title="bbox 195 2759 1315 2845; baseline 0.002 -23"><span class='ocrx_word' id='word_1_165' title='bbox 195 2759 397 2844; x_wconf 74' lang='lat' dir='ltr'><strong>Thucydideo.</strong></span> <span class='ocrx_word' id='word_1_166' title='bbox 423 2761 469 2826; x_wconf 91' lang='lat' dir='ltr'><strong><em>Ib.</em></strong></span> <span class='ocrx_word' id='word_1_167' title='bbox 496 2762 513 2845; x_wconf 66' lang='lat' dir='ltr'><strong>b</strong></span> <span class='ocrx_word' id='word_1_168' title='bbox 534 2763 576 2826; x_wconf 84' lang='lat'><strong><em>13</em></strong></span> <span class='ocrx_word' id='word_1_169' title='bbox 593 2767 650 2836; x_wconf 87' lang='grc' dir='ltr'><strong><em>τὰς</em></strong></span> <span class='ocrx_word' id='word_1_170' title='bbox 671 2762 705 2826; x_wconf 82' lang='grc' dir='ltr'><strong><em>δέ</em></strong></span> <span class='ocrx_word' id='word_1_171' title='bbox 726 2763 895 2844; x_wconf 76' lang='grc' dir='ltr'><strong><em>ξυνθηκας</em></strong></span> <span class='ocrx_word' id='word_1_172' title='bbox 917 2766 973 2836; x_wconf 87' lang='grc' dir='ltr'><strong><em>τὰς</em></strong></span> <span class='ocrx_word' id='word_1_173' title='bbox 992 2765 1064 2842; x_wconf 86' lang='grc' dir='ltr'><strong><em>περί</em></strong></span> <span class='ocrx_word' id='word_1_174' title='bbox 1082 2762 1147 2826; x_wconf 82' lang='grc' dir='ltr'><strong><em>τῶν</em></strong></span> <span class='ocrx_word' id='word_1_175' title='bbox 1165 2759 1315 2825; x_wconf 78' lang='grc' dir='ltr'><strong><em>σπονδῶν</em></strong></span> 
     </span>
    </p>
   </div>
   <div class='ocr_carea' id='block_1_4' title="bbox 192 2871 1314 3876">
    <p class='ocr_par' dir='ltr' id='par_1_5' title="bbox 192 2871 1314 3876">
     <span class='ocr_line' id='line_1_21' title="bbox 195 2871 1314 2963; baseline -0.004 -22"><span class='ocrx_word' id='word_1_176' title='bbox 195 2881 250 2942; x_wconf 87' lang='grc' dir='ltr'><strong><em>καί</em></strong></span> <span class='ocrx_word' id='word_1_177' title='bbox 277 2881 342 2944; x_wconf 81' lang='grc' dir='ltr'><strong><em>τῶν</em></strong></span> <span class='ocrx_word' id='word_1_178' title='bbox 368 2881 471 2960; x_wconf 84' lang='grc' dir='ltr'><strong><em>ὅρκων</em></strong></span> <span class='ocrx_word' id='word_1_179' title='bbox 500 2883 632 2960; x_wconf 76' lang='grc' dir='ltr'><strong><em>καὶτῆς</em></strong></span> <span class='ocrx_word' id='word_1_180' title='bbox 655 2879 838 2963; x_wconf 78' lang='grc' dir='ltr'><strong><em>ξυμμαχίας</em></strong></span> <span class='ocrx_word' id='word_1_181' title='bbox 864 2878 1059 2961; x_wconf 85' lang='grc' dir='ltr'><strong><em>οίναγρίιψαι</em></strong></span> <span class='ocrx_word' id='word_1_182' title='bbox 1085 2877 1119 2939; x_wconf 79' lang='grc' dir='ltr'><strong><em>ἐν</em></strong></span> <span class='ocrx_word' id='word_1_183' title='bbox 1141 2871 1238 2958; x_wconf 80' lang='grc' dir='ltr'><strong><em>στήλη</em></strong></span> <span class='ocrx_word' id='word_1_184' title='bbox 1270 2873 1314 2937; x_wconf 84' lang='grc' dir='ltr'><strong><em>λι-</em></strong></span> 
     </span>
     <span class='ocr_line' id='line_1_22' title="bbox 195 2989 1313 3077; baseline -0.003 -22"><span class='ocrx_word' id='word_1_185' title='bbox 195 2994 273 3076; x_wconf 79' lang='grc' dir='ltr'><strong><em>θίνη</em></strong></span> <span class='ocrx_word' id='word_1_186' title='bbox 298 2991 504 3076; x_wconf 78' lang='grc' dir='ltr'><strong><em>Ἀθηναίους</em></strong></span> <span class='ocrx_word' id='word_1_187' title='bbox 526 2990 585 3077; x_wconf 80' lang='grc' dir='ltr'><strong><em>μέν</em></strong></span> <span class='ocrx_word' id='word_1_188' title='bbox 612 2997 646 3058; x_wconf 80' lang='grc' dir='ltr'><strong><em>ἐν</em></strong></span> <span class='ocrx_word' id='word_1_189' title='bbox 672 2993 774 3066; x_wconf 85' lang='grc' dir='ltr'><strong><em>πόλει,</em></strong></span> <span class='ocrx_word' id='word_1_190' title='bbox 799 2990 973 3075; x_wconf 81' lang='grc' dir='ltr'><strong><em>Ἀργείους</em></strong></span> <span class='ocrx_word' id='word_1_191' title='bbox 988 2989 1015 3054; x_wconf 76' lang='grc' dir='ltr'><strong><em>δ’</em></strong></span> <span class='ocrx_word' id='word_1_192' title='bbox 1037 2995 1071 3056; x_wconf 83' lang='grc' dir='ltr'><strong><em>έν</em></strong></span> <span class='ocrx_word' id='word_1_193' title='bbox 1088 2991 1189 3074; x_wconf 82' lang='grc' dir='ltr'><strong><em>οίγορᾲ</em></strong></span> <span class='ocrx_word' id='word_1_194' title='bbox 1207 2992 1241 3054; x_wconf 87' lang='grc' dir='ltr'><strong><em>έν</em></strong></span> <span class='ocrx_word' id='word_1_195' title='bbox 1259 2995 1313 3053; x_wconf 85' lang='grc' dir='ltr'><strong><em>τοῦ</em></strong></span> 
     </span>
     <span class='ocr_line' id='line_1_23' title="bbox 195 3100 1312 3190; baseline -0.004 -20"><span class='ocrx_word' id='word_1_196' title='bbox 195 3103 409 3181; x_wconf 79' lang='grc' dir='ltr'><strong><em>’Λπόλλωνος</em></strong></span> <span class='ocrx_word' id='word_1_197' title='bbox 440 3115 484 3190; x_wconf 84' lang='grc' dir='ltr'><strong><em>τῷ</em></strong></span> <span class='ocrx_word' id='word_1_198' title='bbox 521 3110 613 3190; x_wconf 80' lang='grc' dir='ltr'><strong><em>ἱερῷ,</em></strong></span> <span class='ocrx_word' id='word_1_199' title='bbox 644 3106 896 3179; x_wconf 85' lang='grc' dir='ltr'><strong><em>Μαντινέας</em></strong></span> <span class='ocrx_word' id='word_1_200' title='bbox 921 3100 949 3168; x_wconf 75' lang='grc' dir='ltr'><strong><em>δ’</em></strong></span> <span class='ocrx_word' id='word_1_201' title='bbox 976 3110 1018 3170; x_wconf 82' lang='grc' dir='ltr'><strong><em>έν</em></strong></span> <span class='ocrx_word' id='word_1_202' title='bbox 1043 3109 1112 3169; x_wconf 80' lang='grc' dir='ltr'><strong><em>τοῦ</em></strong></span> <span class='ocrx_word' id='word_1_203' title='bbox 1141 3107 1239 3178; x_wconf 81' lang='grc' dir='ltr'><strong><em>Διὸς</em></strong></span> <span class='ocrx_word' id='word_1_204' title='bbox 1264 3110 1312 3186; x_wconf 87' lang='grc' dir='ltr'><strong><em>τῷ</em></strong></span> 
     </span>
     <span class='ocr_line' id='line_1_24' title="bbox 197 3216 1312 3305; baseline -0.004 -21"><span class='ocrx_word' id='word_1_205' title='bbox 197 3225 284 3304; x_wconf 76' lang='grc' dir='ltr'><strong><em>ἱερῷ</em></strong></span> <span class='ocrx_word' id='word_1_206' title='bbox 310 3225 351 3288; x_wconf 78' lang='grc' dir='ltr'><strong><em>ἐν</em></strong></span> <span class='ocrx_word' id='word_1_207' title='bbox 376 3220 429 3305; x_wconf 78' lang='grc' dir='ltr'><strong><em>[τῇ</em></strong></span> <span class='ocrx_word' id='word_1_208' title='bbox 453 3218 532 3304; x_wconf 88' lang='lat' dir='ltr'><strong>dele]</strong></span> <span class='ocrx_word' id='word_1_209' title='bbox 560 3223 705 3305; x_wconf 66' lang='grc' dir='ltr'><strong><em>ἀγορᾷ·</em></strong></span> <span class='ocrx_word' id='word_1_210' title='bbox 732 3219 946 3285; x_wconf 68' lang='grc' dir='ltr'><strong><em>καταθέντων</em></strong></span> <span class='ocrx_word' id='word_1_211' title='bbox 975 3219 1085 3283; x_wconf 81' lang='grc' dir='ltr'><strong><em>δὲκαὶ</em></strong></span> <span class='ocrx_word' id='word_1_212' title='bbox 1120 3216 1312 3301; x_wconf 82' lang='grc' dir='ltr'><strong><em>Ὀλυμπίασι</em></strong></span> 
     </span>
     <span class='ocr_line' id='line_1_25' title="bbox 192 3327 1311 3419; baseline -0.007 -21"><span class='ocrx_word' id='word_1_213' title='bbox 192 3334 310 3419; x_wconf 68' lang='grc' dir='ltr'><strong><em>στήλην</em></strong></span> <span class='ocrx_word' id='word_1_214' title='bbox 335 3334 458 3418; x_wconf 77' lang='grc' dir='ltr'><strong><em>χαλκῆν</em></strong></span> <span class='ocrx_word' id='word_1_215' title='bbox 487 3343 580 3416; x_wconf 84' lang='grc' dir='ltr'><strong><em>κοινῇ</em></strong></span> <span class='ocrx_word' id='word_1_216' title='bbox 602 3331 792 3413; x_wconf 81' lang='grc' dir='ltr'><strong><em>Ὀλυμπίοις</em></strong></span> <span class='ocrx_word' id='word_1_217' title='bbox 817 3340 883 3405; x_wconf 85' lang='grc' dir='ltr'><strong><em>τοῖς</em></strong></span> <span class='ocrx_word' id='word_1_218' title='bbox 912 3334 996 3397; x_wconf 90' lang='grc' dir='ltr'><strong><em>νννί.</em></strong></span> <span class='ocrx_word' id='word_1_219' title='bbox 1023 3328 1138 3408; x_wconf 70' lang='lat' dir='ltr'><strong>Quidni</strong></span> <span class='ocrx_word' id='word_1_220' title='bbox 1170 3327 1311 3392; x_wconf 82' lang='lat' dir='ltr'><strong>Eleenses</strong></span> 
     </span>
     <span class='ocr_line' id='line_1_26' title="bbox 194 3444 1312 3533; baseline 0.002 -25"><span class='ocrx_word' id='word_1_221' title='bbox 194 3444 337 3509; x_wconf 87' lang='lat' dir='ltr'><strong>iubentur</strong></span> <span class='ocrx_word' id='word_1_222' title='bbox 360 3447 479 3533; x_wconf 71' lang='grc' dir='ltr'><strong><em>στήλην</em></strong></span> <span class='ocrx_word' id='word_1_223' title='bbox 509 3445 753 3531; x_wconf 76' lang='grc' dir='ltr'><strong><em>στῆσαιίΝυοι</em></strong></span> <span class='ocrx_word' id='word_1_224' title='bbox 777 3445 839 3509; x_wconf 82' lang='lat' dir='ltr'><strong>illis</strong></span> <span class='ocrx_word' id='word_1_225' title='bbox 856 3444 1024 3519; x_wconf 84' lang='lat' dir='ltr'><strong>sufficiebat</strong></span> <span class='ocrx_word' id='word_1_226' title='bbox 1041 3459 1133 3531; x_wconf 75' lang='grc' dir='ltr'><strong><em>κοινῇ</em></strong></span> <span class='ocrx_word' id='word_1_227' title='bbox 1155 3454 1312 3511; x_wconf 81' lang='grc' dir='ltr'><strong><em>σταθεῖσα</em></strong></span> 
     </span>
     <span class='ocr_line' id='line_1_27' title="bbox 193 3558 1310 3644; baseline -0.001 -23"><span class='ocrx_word' id='word_1_228' title='bbox 193 3558 246 3622; x_wconf 90' lang='lat' dir='ltr'><strong>illa</strong></span> <span class='ocrx_word' id='word_1_229' title='bbox 272 3559 453 3644; x_wconf 81' lang='lat' dir='ltr'><strong>Olympiae?</strong></span> <span class='ocrx_word' id='word_1_230' title='bbox 477 3559 567 3639; x_wconf 75' lang='lat' dir='ltr'><strong>Quod</strong></span> <span class='ocrx_word' id='word_1_231' title='bbox 596 3581 700 3644; x_wconf 89' lang='lat' dir='ltr'><strong>parum</strong></span> <span class='ocrx_word' id='word_1_232' title='bbox 726 3567 789 3636; x_wconf 90' lang='lat' dir='ltr'><strong>est,</strong></span> <span class='ocrx_word' id='word_1_233' title='bbox 816 3558 995 3637; x_wconf 74' lang='lat' dir='ltr'><strong>menalion,</strong></span> <span class='ocrx_word' id='word_1_234' title='bbox 1023 3558 1193 3644; x_wconf 86' lang='lat' dir='ltr'><strong>probabile:</strong></span> <span class='ocrx_word' id='word_1_235' title='bbox 1219 3579 1310 3641; x_wconf 89' lang='lat' dir='ltr'><strong>quare</strong></span> 
     </span>
     <span class='ocr_line' id='line_1_28' title="bbox 194 3672 1312 3760; baseline -0.001 -24"><span class='ocrx_word' id='word_1_236' title='bbox 194 3673 329 3757; x_wconf 78' lang='lat' dir='ltr'><strong>suspicor</strong></span> <span class='ocrx_word' id='word_1_237' title='bbox 356 3681 481 3760; x_wconf 89' lang='lat' dir='ltr'><strong>propter</strong></span> <span class='ocrx_word' id='word_1_238' title='bbox 505 3681 541 3743; x_wconf 83' lang='grc' dir='ltr'><strong><em>τὸ</em></strong></span> <span class='ocrx_word' id='word_1_239' title='bbox 570 3675 813 3760; x_wconf 83' lang='grc' dir='ltr'><strong><em>ὁμοιοτέλεντον</em></strong></span> <span class='ocrx_word' id='word_1_240' title='bbox 842 3673 930 3738; x_wconf 85' lang='lat' dir='ltr'><strong>istius</strong></span> <span class='ocrx_word' id='word_1_241' title='bbox 955 3674 999 3738; x_wconf 87' lang='lat' dir='ltr'><strong><em>rei</em></strong></span> <span class='ocrx_word' id='word_1_242' title='bbox 1024 3673 1207 3736; x_wconf 87' lang='lat' dir='ltr'><strong>mentionem</strong></span> <span class='ocrx_word' id='word_1_243' title='bbox 1232 3672 1312 3736; x_wconf 89' lang='lat' dir='ltr'><strong>exci-</strong></span> 
     </span>
     <span class='ocr_line' id='line_1_29' title="bbox 194 3787 1310 3876; baseline -0.001 -25"><span class='ocrx_word' id='word_1_244' title='bbox 194 3787 272 3852; x_wconf 84' lang='lat' dir='ltr'><strong>disse</strong></span> <span class='ocrx_word' id='word_1_245' title='bbox 303 3789 381 3852; x_wconf 89' lang='lat' dir='ltr'><strong>inter</strong></span> <span class='ocrx_word' id='word_1_246' title='bbox 411 3793 512 3876; x_wconf 75' lang='grc' dir='ltr'><strong><em>οἰγορᾴ</em></strong></span> <span class='ocrx_word' id='word_1_247' title='bbox 538 3795 569 3852; x_wconf 86' lang='lat' dir='ltr'><strong><em>et</em></strong></span> <span class='ocrx_word' id='word_1_248' title='bbox 598 3793 812 3857; x_wconf 82' lang='grc' dir='ltr'><strong><em>καταθέντων</em></strong></span> <span class='ocrx_word' id='word_1_249' title='bbox 839 3790 886 3853; x_wconf 84' lang='lat' dir='ltr'><strong><em>his</em></strong></span> <span class='ocrx_word' id='word_1_250' title='bbox 909 3789 970 3853; x_wconf 82' lang='lat' dir='ltr'><strong>fere</strong></span> <span class='ocrx_word' id='word_1_251' title='bbox 994 3787 1093 3852; x_wconf 88' lang='lat' dir='ltr'><strong>verbis</strong></span> <span class='ocrx_word' id='word_1_252' title='bbox 1117 3793 1310 3872; x_wconf 80' lang='lat' dir='ltr'><strong>conceptam:</strong></span> 
     </span>
    </p>
   </div>
   <div class='ocr_carea' id='block_1_5' title="bbox 194 3901 1423 3991">
    <p class='ocr_par' dir='ltr' id='par_1_6' title="bbox 194 3901 1423 3991">
     <span class='ocr_line' id='line_1_30' title="bbox 194 3901 1423 3991; baseline -0.003 -21"><span class='ocrx_word' id='word_1_253' title='bbox 194 3904 370 3980; x_wconf 74' lang='grc' dir='ltr'><strong><em>Ἠλείους</em></strong></span> <span class='ocrx_word' id='word_1_254' title='bbox 392 3901 421 3969; x_wconf 81' lang='grc' dir='ltr'><strong><em>δ’</em></strong></span> <span class='ocrx_word' id='word_1_255' title='bbox 446 3909 489 3970; x_wconf 80' lang='grc' dir='ltr'><strong><em>ἐν</em></strong></span> <span class='ocrx_word' id='word_1_256' title='bbox 510 3912 579 3971; x_wconf 83' lang='grc' dir='ltr'><strong><em>τοῦ</em></strong></span> <span class='ocrx_word' id='word_1_257' title='bbox 605 3909 696 3980; x_wconf 83' lang='grc' dir='ltr'><strong><em>Διὸς</em></strong></span> <span class='ocrx_word' id='word_1_258' title='bbox 719 3914 770 3988; x_wconf 87' lang='grc' dir='ltr'><strong><em>τῷ</em></strong></span> <span class='ocrx_word' id='word_1_259' title='bbox 798 3910 883 3990; x_wconf 84' lang='grc' dir='ltr'><strong><em>ἱερῷ</em></strong></span> <span class='ocrx_word' id='word_1_260' title='bbox 909 3909 950 3972; x_wconf 76' lang='grc' dir='ltr'><strong><em>ἐν</em></strong></span> <span class='ocrx_word' id='word_1_261' title='bbox 972 3908 1092 3991; x_wconf 83' lang='grc' dir='ltr'><strong><em>οίγορᾲ</em></strong></span> <span class='ocrx_word' id='word_1_262' title='bbox 1113 3905 1150 3987; x_wconf 80' lang='lat' dir='ltr'><strong><em>l).</em></strong></span> <span class='ocrx_word' id='word_1_263' title='bbox 1174 3903 1312 3987; x_wconf 82' lang='lat' dir='ltr'><strong>Sequun-</strong></span> <span class='ocrx_word' id='word_1_264' title='bbox 1418 3957 1423 3966; x_wconf 91' lang='lat'>.</span> 
     </span>
    </p>
   </div>
   <div class='ocr_carea' id='block_1_6' title="bbox 193 4015 1311 4220">
    <p class='ocr_par' dir='ltr' id='par_1_7' title="bbox 193 4015 1311 4220">
     <span class='ocr_line' id='line_1_31' title="bbox 193 4015 1311 4106; baseline 0.006 -28"><span class='ocrx_word' id='word_1_265' title='bbox 193 4022 243 4079; x_wconf 89' lang='lat' dir='ltr'><strong><em>tur</em></strong></span> <span class='ocrx_word' id='word_1_266' title='bbox 266 4017 297 4079; x_wconf 88' lang='lat' dir='ltr'><strong><em>in</em></strong></span> <span class='ocrx_word' id='word_1_267' title='bbox 324 4015 445 4080; x_wconf 84' lang='lat' dir='ltr'><strong>foedere</strong></span> <span class='ocrx_word' id='word_1_268' title='bbox 472 4017 562 4081; x_wconf 86' lang='lat' dir='ltr'><strong>haec:</strong></span> <span class='ocrx_word' id='word_1_269' title='bbox 588 4022 643 4086; x_wconf 77' lang='grc' dir='ltr'><strong><em>εὀὶν</em></strong></span> <span class='ocrx_word' id='word_1_270' title='bbox 675 4019 710 4084; x_wconf 76' lang='grc' dir='ltr'><strong><em>δέ</em></strong></span> <span class='ocrx_word' id='word_1_271' title='bbox 733 4046 764 4084; x_wconf 90' lang='grc' dir='ltr'><strong><em>τι</em></strong></span> <span class='ocrx_word' id='word_1_272' title='bbox 792 4022 869 4106; x_wconf 78' lang='grc' dir='ltr'><strong><em>δοκῇ</em></strong></span> <span class='ocrx_word' id='word_1_273' title='bbox 897 4028 1030 4103; x_wconf 86' lang='grc' dir='ltr'><strong><em>ἄμεινον</em></strong></span> <span class='ocrx_word' id='word_1_274' title='bbox 1056 4017 1139 4088; x_wconf 79' lang='grc' dir='ltr'><strong><em>εἶναι</em></strong></span> <span class='ocrx_word' id='word_1_275' title='bbox 1163 4030 1235 4097; x_wconf 84' lang='grc' dir='ltr'><strong><em>ταῖς</em></strong></span> <span class='ocrx_word' id='word_1_276' title='bbox 1255 4025 1311 4086; x_wconf 88' lang='grc' dir='ltr'><strong><em>πό-</em></strong></span> 
     </span>
     <span class='ocr_line' id='line_1_32' title="bbox 194 4131 1309 4220; baseline 0.003 -26"><span class='ocrx_word' id='word_1_277' title='bbox 194 4131 258 4200; x_wconf 83' lang='grc' dir='ltr'><strong><em>λεσι</em></strong></span> <span class='ocrx_word' id='word_1_278' title='bbox 283 4139 416 4208; x_wconf 81' lang='grc' dir='ltr'><strong><em>ταιίταις</em></strong></span> <span class='ocrx_word' id='word_1_279' title='bbox 443 4143 636 4218; x_wconf 73' lang='grc' dir='ltr'><strong><em>προσθεῖναι</em></strong></span> <span class='ocrx_word' id='word_1_280' title='bbox 661 4138 738 4219; x_wconf 86' lang='grc' dir='ltr'><strong><em>πρὸς</em></strong></span> <span class='ocrx_word' id='word_1_281' title='bbox 756 4133 834 4211; x_wconf 72' lang='grc' dir='ltr'><strong><em>’τοῖς</em></strong></span> <span class='ocrx_word' id='word_1_282' title='bbox 861 4137 1082 4220; x_wconf 85' lang='grc' dir='ltr'><strong><em>ξνγκειμένοις</em></strong></span> <span class='ocrx_word' id='word_1_283' title='bbox 1101 4137 1151 4200; x_wconf 85' lang='grc' dir='ltr'><strong><em>ὅτι</em></strong></span> <span class='ocrx_word' id='word_1_284' title='bbox 1173 4141 1216 4201; x_wconf 81' lang='grc' dir='ltr'><strong><em>ἂν</em></strong></span> <span class='ocrx_word' id='word_1_285' title='bbox 1234 4136 1309 4220; x_wconf 79' lang='grc' dir='ltr'>δόξῃ</span> 
     </span>
    </p>
   </div>
   <div class='ocr_carea' id='block_1_7' title="bbox 191 4419 1314 4654">
    <p class='ocr_par' dir='ltr' id='par_1_8' title="bbox 191 4419 1314 4654">
     <span class='ocr_line' id='line_1_33' title="bbox 227 4419 1314 4484; baseline 0 -18"><span class='ocrx_word' id='word_1_286' title='bbox 227 4419 250 4478; x_wconf 87' lang='lat' dir='ltr'><strong><em>l)</em></strong></span> <span class='ocrx_word' id='word_1_287' title='bbox 270 4420 306 4467; x_wconf 93' lang='lat' dir='ltr'><strong><em>Ob</em></strong></span> <span class='ocrx_word' id='word_1_288' title='bbox 325 4420 419 4468; x_wconf 85' lang='lat' dir='ltr'><strong>eandem</strong></span> <span class='ocrx_word' id='word_1_289' title='bbox 435 4437 527 4469; x_wconf 84' lang='lat' dir='ltr'><strong>causam</strong></span> <span class='ocrx_word' id='word_1_290' title='bbox 546 4423 569 4468; x_wconf 90' lang='lat' dir='ltr'><strong><em>in</em></strong></span> <span class='ocrx_word' id='word_1_291' title='bbox 586 4421 722 4484; x_wconf 78' lang='lat' dir='ltr'><strong>quibusdam</strong></span> <span class='ocrx_word' id='word_1_292' title='bbox 740 4422 805 4470; x_wconf 85' lang='lat' dir='ltr'><strong>libris</strong></span> <span class='ocrx_word' id='word_1_293' title='bbox 824 4423 847 4469; x_wconf 87' lang='lat' dir='ltr'><strong><em>in</em></strong></span> <span class='ocrx_word' id='word_1_294' title='bbox 860 4421 957 4470; x_wconf 77' lang='lat' dir='ltr'><strong>foederis</strong></span> <span class='ocrx_word' id='word_1_295' title='bbox 974 4423 1042 4470; x_wconf 85' lang='lat' dir='ltr'><strong>initio</strong></span> <span class='ocrx_word' id='word_1_296' title='bbox 1054 4422 1216 4470; x_wconf 83' lang='lat' dir='ltr'><strong>desiderantur</strong></span> <span class='ocrx_word' id='word_1_297' title='bbox 1229 4420 1314 4466; x_wconf 85' lang='lat' dir='ltr'><strong>rerba:</strong></span> 
     </span>
     <span class='ocr_line' id='line_1_34' title="bbox 191 4507 1312 4582; baseline 0.004 -21"><span class='ocrx_word' id='word_1_298' title='bbox 191 4507 233 4562; x_wconf 78' lang='grc' dir='ltr'><strong><em>ἐπ’</em></strong></span> <span class='ocrx_word' id='word_1_299' title='bbox 255 4507 431 4577; x_wconf 75' lang='grc' dir='ltr'><strong><em>Ἀθηναίους</em></strong></span> <span class='ocrx_word' id='word_1_300' title='bbox 451 4540 481 4550; x_wconf 89' lang='grc'><strong>-</strong></span> <span class='ocrx_word' id='word_1_301' title='bbox 498 4514 655 4580; x_wconf 76' lang='grc' dir='ltr'><strong><em>ξυμμάχους</em></strong></span> <span class='ocrx_word' id='word_1_302' title='bbox 675 4515 732 4576; x_wconf 81' lang='lat' dir='ltr'><strong>(soil.</strong></span> <span class='ocrx_word' id='word_1_303' title='bbox 750 4513 773 4561; x_wconf 83' lang='lat' dir='ltr'><strong><em>id</em></strong></span> <span class='ocrx_word' id='word_1_304' title='bbox 792 4515 961 4582; x_wconf 80' lang='grc' dir='ltr'><strong><em>ξυμμάχους,</em></strong></span> <span class='ocrx_word' id='word_1_305' title='bbox 978 4516 1037 4578; x_wconf 91' lang='lat' dir='ltr'><strong>quod</strong></span> <span class='ocrx_word' id='word_1_306' title='bbox 1055 4517 1142 4576; x_wconf 81' lang='lat' dir='ltr'><strong>legitur</strong></span> <span class='ocrx_word' id='word_1_307' title='bbox 1166 4519 1219 4562; x_wconf 85' lang='lat' dir='ltr'><strong>ante</strong></span> <span class='ocrx_word' id='word_1_308' title='bbox 1237 4514 1312 4574; x_wconf 77' lang='grc' dir='ltr'><strong><em>ἐκεῖ).</em></strong></span> 
     </span>
     <span class='ocr_line' id='line_1_35' title="bbox 194 4603 381 4654; baseline 0 -1"><span class='ocrx_word' id='word_1_309' title='bbox 194 4603 228 4654; x_wconf 80' lang='lat' dir='ltr'><strong><em>cl.</em></strong></span> <span class='ocrx_word' id='word_1_310' title='bbox 247 4605 381 4653; x_wconf 77' lang='lat' dir='ltr'><strong>Scholiasta.</strong></span> 
     </span>
    </p>
   </div>
   <div class='ocr_carea' id='block_1_8' title="bbox 0 0 1600 5232">
    <p class='ocr_par' dir='ltr' id='par_1_9' title="bbox 0 0 1600 5232">
     <span class='ocr_line' id='line_1_36' title="bbox 0 0 1600 5232; baseline 0 4"><span class='ocrx_word' id='word_1_311' title='bbox 0 0 1600 5232; x_wconf 95' lang='lat' dir='ltr'><strong><em> </em></strong></span> 
     </span>
    </p>
   </div>
  </div>
 </body>
</html>
