3190 5232
813 477 856 540 42

279 667 367 747 παριί
401 666 437 729 τὸ
469 667 551 743 εἷιιός
575 691 625 732 τοι
650 669 705 732 ναί
729 665 839 732 τούσδε
866 663 1057 750 [ξομφόρως]
1083 664 1133 729 δεῖ
1156 663 1351 741 κολάζεσθαι
1374 667 1395 746 ἤ

277 783 443 844 παείεσθαι
467 787 521 861 τῆς
542 781 648 866 ἀρχῆς.
696 777 872 843 Ridiculum
896 777 1041 843 emblema
1061 776 1190 862 petitum
1206 797 1222 838 e
1238 796 1394 859 praegres-

278 889 337 968 sis,
370 898 423 958 ναί
459 899 500 959 τοί
527 897 671 980 ξιίμφορα
694 899 761 979 ἅμα
784 903 945 977 ποιήσετε,
970 893 1162 958 vehementer
1185 889 1288 956 turbat
1312 911 1392 953 oom-

278 1005 436 1090 positionis
460 1005 606 1072 oratoriae
629 1008 799 1073 artificium.
835 1009 1059 1088 Κολάζεσθαι,
1084 1005 1165 1090 quod
1188 1004 1266 1069 bene
1290 1002 1393 1068 obser·

278 1127 329 1184 vat
352 1119 496 1198 Classen,
522 1123 550 1187 h.
573 1121 594 1186 l.
620 1129 667 1186 est
687 1121 811 1186 verbum
835 1121 979 1186 medium.

324 1243 344 1311 †
367 1235 441 1320 Cap.
458 1240 500 1301 42
517 1238 533 1322 ᾧ
549 1238 578 1301 3.
605 1238 830 1324 χαλεπώτατοι
851 1239 884 1303 δὲ
905 1237 988 1321 [καί]
1008 1242 1038 1303 οἱ
1056 1243 1107 1303 ι’πί
1119 1231 1261 1324 Ιχρήμασι
1278 1259 1395 1317 προσ·

281 1361 621 1436 κατηγοροῦντες
647 1353 861 1431 ἐπίδειξίν
891 1379 1000 1418 τινα.
1036 1348 1230 1432 Lugendum:
1256 1377 1394 1435 προκω

280 1473 533 1550 τηγοροῦντες
560 1467 777 1542 ἐπιδείξειν
809 1475 917 1539 τινά,
943 1463 1053 1550 quibus
1076 1462 1173 1528 verbis
1196 1461 1396 1547 respondetur

280 1577 498 1642 insimulationi
529 1577 652 1643 Cleonis
684 1580 724 1644 38
756 1580 773 1663 d
805 1583 835 1644 2.
867 1578 914 1643 Of.
946 1581 989 1646 40
1017 1583 1033 1665 ᾧ
1057 1581 1087 1644 3.
1111 1581 1310 1655 Ἐπιδείξειν
1334 1579 1394 1644 iam

281 1689 437 1756 Classenio
463 1693 602 1757 venitin
626 1705 768 1773 mentem,
794 1693 846 1757 sed
865 1704 1129 1781 προνατηγορεῖν
1153 1715 1213 1759 non
1229 1694 1330 1759 minus
1345 1701 1392 1758 est

281 1807 493 1873 necessarium.
518 1808 538 1874 †
572 1806 672 1872 Hodie
696 1807 733 1872 de
756 1811 930 1887 ἐπιδείξειν
955 1809 1072 1874 dubito.

325 1919 373 1986 Ib.
397 1924 414 2007 d
438 1923 467 1988 5.
494 1922 645 2009 ἐλάχιστα
675 1929 735 2008 γὰρ
757 1929 800 1991 ἂν
825 1928 1080 2010 πεισθείησαν
1108 1930 1317 2010 ἁμαρτάνειν.
1355 1922 1392 1985 In

282 2035 394 2100 Dobrei
429 2035 600 2101 coniectura
635 2040 783 2123 πεισθείη
816 2043 858 2105 ἂν
894 2036 960 2100 iure
988 2035 1128 2121 Kriigero
1157 2036 1312 2120 displicuit
1341 2059 1394 2102 vo·

286 2150 369 2216 colae
392 2158 435 2219 ἂν
458 2151 492 2214 in
515 2156 601 2214 tants
623 2149 736 2214 vicinis
759 2151 912 2236 repetitio.
959 2150 1038 2215 Mihi
1063 2173 1129 2214 oum
1153 2150 1309 2215 Glossenio
1332 2151 1395 2235 pla·

284 2273 349 2330 cel:
376 2271 563 2345 πείσειαν,
597 2288 638 2331 so.
667 2273 698 2333 οἱ
728 2279 866 2336 τοιοῦτοι
892 2273 958 2335 τῶν
985 2267 1139 2336 πολιτῶν.
1187 2266 1260 2330 M0x
1282 2266 1398 2330 inserto

285 2380 413 2444 articulo
436 2379 537 2464 legere
561 2379 682 2443 malim:
708 2386 764 2448 τὸν
785 2389 826 2465 μὴ
844 2391 986 2468 τυχόντα
1006 2382 1101 2464 (τῆς)
1120 2387 1257 2466 γνώμης.
1282 2379 1400 2444 Deinde

282 2495 481 2580 improbanda
502 2493 650 2558 Badhami
671 2495 765 2578 (Λογ.
790 2504 867 2581 Ερμ.
886 2517 915 2579 p.
934 2497 1010 2577 200)
1028 2495 1179 2578 suspieim
1202 2499 1401 2584 οἷντιηαρι·

286 2615 447 2694 ζόμενός
479 2639 516 2677 τι
548 2631 602 2693 pro
632 2619 681 2695 τῷ
710 2611 830 2694 αὐτῷ,
858 2613 1113 2696 χαριζόμενόν
1135 2639 1191 2690 τι,
1216 2610 1287 2693 quio
1311 2615 1403 2679 οίντι-

286 2728 484 2813 ηαριζόμεθα
516 2735 560 2810 τῷ
584 2735 685 2810 ἡμῖν,
709 2729 780 2812 οὐχί
804 2733 849 2808 τῷ
875 2725 1013 2802 ἄλλοις
1039 2724 1080 2807 (h.
1104 2723 1125 2789 l.
1151 2737 1195 2810 τῷ
1221 2728 1320 2811 δήμω)
1347 2754 1403 2814 ηα-

284 2842 450 2927 ριζομένῳ.
476 2838 587 2903 Melius
611 2860 659 2902 me
682 2837 783 2903 iudice
806 2836 927 2923 Kriiger
949 2839 1097 2923 expunxit
1116 2838 1260 2903 voeabula
1278 2845 1403 2926 χαριζό-

284 2961 378 3039 μενὸς
402 2981 435 3020 τι
459 2960 493 3018 ut
516 2954 664 3037 glossema
687 2953 725 3017 ad
749 2964 793 3037 τῷ
819 2958 919 3038 αὐτῷ.

330 3066 402 3151 Osp.
426 3069 469 3132 43
487 3071 503 3153 t
518 3070 550 3131 4.
575 3089 629 3151 pro
654 3071 851 3144 α’νειίθννον,
870 3067 951 3150 quod
968 3067 1058 3131 nnnei
1074 3075 1136 3146 est,
1154 3067 1221 3151 lego
1237 3069 1402 3152 οἷν(νπ)ειί-

288 3192 403 3250 θονον.
431 3182 522 3266 Apud
545 3182 697 3267 sequiores
721 3189 821 3246 tamen
837 3181 921 3246 illam
945 3181 1072 3247 formam
1086 3205 1147 3246 non
1165 3182 1402 3247 sollicitaverim.

331 3296 406 3381 (lap.
432 3302 475 3364 44
498 3301 515 3383 ᾧ
539 3301 567 3362 2.
598 3319 754 3383 perperam
778 3296 902 3362 Classen
927 3297 1066 3380 sequitur
1087 3297 1302 3361 eorrectionem
1325 3297 1402 3360 Her-

286 3413 387 3476 manni
409 3413 448 3476 ad
471 3412 631 3497 Vigerum:
659 3418 795 3500 ἔχοντας
820 3442 851 3480 τι
875 3416 1067 3498 ξυγγνώμης
1091 3409 1234 3489 -εἷεν,
1261 3418 1288 3478 εἰ
1314 3420 1401 3490 ντί,

286 3547 362 3609 quae
385 3534 416 3590 et
438 3526 593 3591 obscuram
617 3527 799 3590 sententium
823 3525 923 3589 reddit
947 3533 977 3589 et
1001 3524 1178 3590 tenentibus
1203 3547 1290 3588 usum
1315 3547 1404 3588 voea-

287 3641 352 3706 buli
375 3641 448 3720 εῗεν,
466 3649 500 3706 ut
515 3640 610 3705 dicum
624 3641 705 3726 quod
717 3640 831 3716 sentio,
847 3647 894 3703 est
907 3639 1103 3705 subridicula.
1127 3639 1309 3724 Nuperrime
1325 3639 1403 3703 Bad-

291 3756 360 3819 ham
394 3756 415 3819 l.
448 3756 469 3821 l.
502 3758 615 3822 recoxit
645 3756 824 3822 Firnhaberi
849 3758 1052 3822 coniecturam
1076 3761 1209 3844 ἔχοντας
1237 3794 1278 3803 -
1302 3757 1402 3823 ἐλεεῖν

290 3875 357 3953 (pro
388 3870 482 3956 εἶεν),
515 3894 591 3956 quae
614 3871 687 3937 lieet
711 3871 818 3936 ceteris
843 3873 1002 3956 (ἀνεῖναι,
1029 3878 1060 3936 et
1082 3873 1151 3953 ἐᾶν)
1175 3869 1313 3934 videatur
1336 3891 1405 3953 pro·

290 3982 435 4063 habilior,
461 4009 522 4050 non
546 3994 646 4052 tamen
670 3993 716 4051 est
732 3987 815 4050 omni
832 3985 924 4051 dnbio
942 3987 1052 4063 maior,
1070 3984 1213 4070 quoniam
1230 3983 1404 4048 duriuscule

291 4108 389 4163 mente
412 4102 574 4185 repetendo
598 4111 688 4168 erunt
711 4103 817 4168 verba:
842 4107 878 4171 οὐ
901 4107 956 4172 διὰ
982 4111 1076 4171 τοῦτο
1103 4139 1140 4148 -
1166 4101 1310 4168 κελειίσω.

332 4211 405 4299 Cap.
441 4217 482 4281 45
517 4217 549 4279 in
597 4216 655 4284 Ἐν
691 4213 747 4286 οὖν
784 4228 856 4295 ταῖς
893 4220 1003 4286 πόλεσι
1034 4217 1164 4284 πολλῶν
1197 4221 1345 4281 θανάτου
1371 4213 1405 4294 (l.

292 4339 436 4409 θάνατος
472 4353 540 4394 cum
575 4329 704 4416 Cobeto)
744 4336 842 4419 ζημία
869 4339 1037 4419 πρόκειται
1061 4336 1116 4396 καί
1144 4334 1201 4397 οὐν
1224 4330 1300 4395 ἰ’σων
1325 4328 1406 4412 τῷδε

296 4446 381 4532 [ἀλλ’
411 4447 604 4530 ἐλασσόνων]
635 4453 882 4534 ἁμαρτημάτων.
928 4447 1007 4512 Data
1038 4467 1128 4530 opera
1163 4441 1326 4526 magistelli
1350 4440 1407 4506 ele·

295 4565 400 4644 gentes
427 4559 572 4624 formulas
598 4564 655 4629 οὐκ
680 4565 745 4642 loos·
769 4569 800 4627 et
815 4565 871 4652 οὐχ
887 4568 994 4648 ὁμοῖος
1010 4563 1225 4644 corrumpunt,
1243 4557 1343 4641 prouti
1357 4578 1406 4620 res
