3190 5232
705 497 745 560 61

165 685 504 770 ἐπαληθευουσα.
529 683 640 747 Verte:
666 685 864 768 soctacsteo
882 687 1068 754 occultent
1087 710 1156 778 sqq.
1182 688 1282 768 Quare

163 799 371 883 reponendum
395 799 758 886 ἐπαληθεύσουσα.
785 800 830 864 lb.
857 803 870 884 ξ
895 803 925 867 3.
944 808 998 870 καί
1016 811 1075 886 τὴν
1097 809 1207 871 αι’τίαν
1225 809 1281 892 οὐχ

162 916 225 992 ἕξω
246 923 362 998 πιστὴν
382 917 626 995 ἀποδεικνύναι,
651 916 723 982 ἀλλ’
746 925 766 1001 ἤ
788 917 905 985 ἄδικον
929 925 987 1001 τὴν
1005 917 1195 1002 ἐλευθερίαν
1212 924 1282 984 ἐπι·

139 1031 271 1113 Νφέρειν
305 1039 326 1115 η’·
359 1033 498 1115 οἷσθενὴς
537 1037 591 1097 καί
623 1031 785 1107 α’δείνατος
810 1039 983 1115 τιμωρῆσαι
1009 1037 1049 1096 τοί
1073 1037 1149 1112 πρὸς
1174 1035 1280 1119 Ἀθη·

163 1148 291 1224 ναίους,
316 1153 355 1230 ἤν
393 1149 536 1225 ἐπίωσιν,
562 1149 715 1233 ἀφῖχθαι.
755 1145 949 1209 Desideratur
973 1143 1097 1209 verbnm
1121 1127 1202 1209 undo
1219 1169 1283 1210 sus-

161 1258 248 1342 pensi
273 1259 336 1323 sint
358 1259 509 1324 Infinitivi
531 1262 694 1346 ἐπιφέρειν
726 1266 757 1323 et
784 1266 941 1349 οίφῐχθαι,
964 1259 1107 1343 quoniam
1135 1261 1185 1324 rix
1211 1261 1284 1326 licet

162 1395 179 1436 e
202 1374 383 1459 praegressis
408 1374 592 1459 cogitatione
615 1381 751 1459 repetere
778 1375 851 1442 ἀλλ’
878 1376 963 1458 (ἔξω
984 1381 1058 1457 τὴν
1082 1376 1125 1441 αῖ
1133 1377 1242 1460 τίαν)
1260 1378 1280 1442 i.

162 1509 188 1552 e.
223 1487 280 1554 sed
312 1489 506 1566 astructor,
540 1489 612 1573 quia
633 1488 696 1554 illic
719 1492 781 1569 ἕξω
804 1489 930 1574 ponitur
951 1489 1010 1553 alio
1034 1511 1140 1567 sensu,
1166 1513 1204 1554 sc.
1228 1514 1282 1577 pro

164 1603 352 1688 δυνήσομαι.
399 1602 511 1667 Melius
534 1626 605 1667 sane
627 1602 659 1669 in
683 1603 807 1688 epodosi
830 1611 901 1688 post
918 1604 1108 1690 ἐλευθερίαν
1125 1604 1219 1670 Thuc.
1234 1605 1283 1670 in-

164 1714 307 1781 seruisset
330 1717 451 1782 verbum
477 1721 567 1798 δόξω,
597 1718 679 1802 qnod
714 1740 783 1783 cum
818 1717 958 1802 Kriigero
981 1717 1172 1803 subintelligi
1199 1741 1283 1805 pror-

163 1854 214 1897 sus
247 1835 364 1920 nequit.
411 1833 525 1899 Utrum
560 1833 624 1898 stili
659 1833 806 1898 vitiositas
838 1833 868 1898 h.
899 1833 919 1898 l.
950 1832 1129 1916 imputanda
1157 1835 1198 1898 sit
1222 1835 1281 1919 ipsi

162 1949 278 2013 auctori
302 1971 339 2014 an
363 1948 512 2029 librariis,
544 1972 605 2014 nou
630 1949 759 2026 defini03
783 1949 891 2012 vitiose
913 1947 957 2012 ita
980 1948 1071 2012 scribi
1095 1971 1183 2013 nemo
1207 1951 1283 2015 mihi

163 2062 281 2147 eripiet.
317 2103 357 2112 -
390 2063 475 2144 Quae
503 2064 593 2129 verba
616 2064 717 2129 hiulca
741 2064 831 2128 simul
855 2071 885 2127 et
909 2064 1094 2150 interpolata
1117 2073 1284 2150 sequuntur

162 2178 339 2262 corrigenda
360 2184 435 2265 puto
457 2179 495 2244 ad
520 2180 577 2244 hoc
599 2180 789 2264 exemplum:
816 2185 946 2247 καίτοι
970 2179 1044 2264 (ios.
1072 2184 1124 2267 τῇ)
1147 2197 1281 2269 στρατιᾷ

161 2323 196 2375 με
225 2293 295 2380 τῇδ’
329 2295 383 2380 [ἣν
409 2305 467 2365 νῦν
501 2300 563 2377 ἐγὼ
595 2298 670 2383 ἔχω]
705 2302 757 2362 ἐπὶ
782 2300 931 2363 Νίσαιαν
957 2301 1030 2380 ἐμοῦ
1055 2300 1281 2383 βοηθήσαντος

160 2409 217 2474 οὐκ
234 2410 398 2494 ἠθέλησαν
425 2407 611 2496 Ἀθηναῖοι
636 2412 769 2487 πλέονες
784 2409 818 2494 (l.
831 2411 974 2490 πλείους)
988 2415 1078 2486 ὄντες
1095 2416 1280 2496 προσμῖξαι,

160 2527 240 2592 ὥστε
261 2528 317 2591 οὐκ
340 2529 423 2602 εἰκὸς
446 2529 540 2613 νηίτῃ
565 2553 599 2607 με
619 2527 734 2603 αὐτοῦς
755 2526 870 2611 (στόλῳ
893 2524 1007 2609 insero)
1032 2533 1076 2611 τῷ
1102 2529 1135 2594 ἐν
1153 2531 1282 2610 Νισαίᾳ

161 2647 286 2724 στράτῳ
308 2641 378 2706 ’ίσον
397 2630 531 2723 πλῆθοςΧ
552 2641 598 2724 ἐφ’
620 2647 701 2726 ὑμᾶς
725 2641 926 2708 ἀποστεῖλαι.
950 2638 1049 2703 Verba
1075 2647 1115 2724 ἣν
1141 2678 1184 2686 -
1208 2643 1282 2727 ἔχω,

159 2751 324 2837 inquibus
349 2754 424 2817 mire
449 2754 565 2818 variant
588 2754 725 2834 codices,
750 2755 904 2820 continere
928 2754 1115 2839 pronominis
1142 2757 1216 2842 τῇδε
1235 2755 1284 2818 irr-
1311 2829 1320 2844 ,

160 2875 435 2953 terpretamentum
459 2869 556 2934 habeo
580 2869 853 2954 persuasissimum.
900 2870 1073 2935 Articulum
1097 2891 1186 2954 quem
1210 2878 1282 2956 post

161 2988 292 3052 καίτοι
316 2985 517 3069 restituique
541 3007 630 3050 causa
654 2984 798 3050 exciderit
822 2985 938 3050 nemini
964 2985 1023 3049 erit
1046 2985 1219 3052 obscurum.

206 3096 280 3182 Cap.
306 3101 347 3164 86
374 3099 450 3164 med.
473 3108 517 3168 ἂν
542 3113 625 3185 σαφῆ
650 3122 703 3184 pro
730 3105 836 3184 οἷσαφῆ
864 3106 946 3164 certa
969 3105 1016 3163 est
1038 3106 1069 3162 et
1093 3099 1233 3177 evidens,
1258 3099 1284 3161 si

161 3233 221 3295 qua
244 3211 320 3291 alia,
346 3212 530 3294 emendatio,
555 3236 645 3299 quam
670 3213 786 3279 dudum
809 3221 959 3300 receptam
976 3235 1040 3278 esse
1056 3213 1204 3298 oportuit,
1230 3213 1282 3275 sed

161 3327 212 3392 vix
237 3328 337 3392 minus
360 3329 516 3394 evidenter
540 3329 648 3414 corrigi
672 3335 829 3414 poterunt,
859 3351 935 3413 quae
958 3327 1072 3413 absque
1095 3327 1164 3391 vitii
1189 3327 1284 3412 suspi-

162 3443 248 3510 cione
273 3444 434 3530 depravata
457 3444 603 3529 leguntur
626 3446 642 3529 p
666 3445 754 3523 4ιοίς
778 3474 810 3513 τε
835 3451 908 3522 τούς
933 3445 1141 3530 Ἀθηναίους
1167 3443 1285 3527 ἐγκλή-

160 3573 238 3644 μασι
258 3563 556 3648 καταπολεμοῦμεν,
579 3566 671 3630 αὐτοὶ
687 3568 729 3629 ἂν
747 3567 950 3646 φαινοίμεθα
967 3565 1105 3649 ἔχθίονα
1118 3539 1155 3642 ¹(l.
1170 3561 1282 3648 ἐχθίω)

161 3657 186 3761 τί
200 3681 218 3742 o‘
240 3683 281 3762 μὴ
301 3678 473 3757 ὑποδείξας
501 3681 653 3763 οίρετὴν
672 3683 925 3764 κατακτιίιμενοι.
972 3676 1021 3740 Ad
1038 3681 1175 3764 ἐχθίονα
1190 3675 1285 3741 inter·

162 3797 264 3875 protes
294 3813 331 3854 cx
363 3795 537 3877 ἐγκλήμασι
563 3792 707 3876 supplent
731 3791 929 3875 ἐγκλήματα,
956 3810 1018 3853 non
1042 3789 1210 3872 cogitantes
1233 3786 1284 3851 ab·

163 3904 254 3970 surde
292 3905 350 3969 dici
385 3912 417 3970 et
452 3906 529 3970 nihil
561 3907 731 3992 significare
766 3905 952 3988 ἐγκλήματα
986 3905 1092 3987 (eaque
1131 3904 1283 3991 ε’χθίονα)

162 4031 404 4087 κατακτᾶσθαι,
450 4019 567 4086 Collata
590 4031 693 4088 autem
716 4041 889 4106 praegressa
911 4017 1051 4104 periodo:
1079 4019 1285 4106 χαλεπωτέρα

163 4141 223 4222 γὰρ
245 4141 290 4204 ἂν
316 4146 371 4220 τῆς
391 4137 576 4222 ἀλλοφύλου
598 4141 644 4225 cip
657 4148 726 4227 χῆς
743 4141 791 4224 ε’ίη
814 4142 894 4210 κτὲ.,
915 4133 992 4198 nihil
1009 4140 1057 4199 est
1072 4134 1181 4198 certius
1197 4155 1285 4218 quam

163 4256 232 4334 post
254 4255 409 4337 ἀρετὴν
434 4251 583 4316 excidisse
605 4257 651 4340 οὶρ
664 4261 747 4340 χήν,
773 4248 952 4314 vocabulum
975 4248 1020 4312 illi
1044 4254 1106 4312 tam
1121 4247 1234 4326 simile,
1251 4253 1287 4310 ut

163 4364 340 4450 saepissime
374 4389 443 4431 cum
478 4389 514 4431 eo
542 4390 560 4431 a
588 4366 693 4431 scribis
720 4371 925 4451 permutatum
951 4364 1001 4430 sit.
1038 4363 1161 4448 Optime
1184 4367 1285 4425 autem

164 4479 224 4544 dici
246 4486 379 4569 ἐχθίω
402 4521 442 4530 -
462 4488 591 4572 α’ρχὴν
617 4490 921 4550 κατακτᾶσθαι
947 4479 1015 4563 quis
1041 4477 1151 4542 Graeci
1174 4499 1286 4540 sermo-

164 4595 262 4662 monis
279 4617 392 4682 gnarus
407 4597 552 4686 ignorat?
574 4598 657 4663 Loco
673 4597 716 4662 ita
735 4602 879 4674 correct0,
901 4600 1009 4681 perpet
1026 4598 1150 4682 χαίρειν
1168 4593 1285 4682 φράζο-
