3166 5230
811 455 876 525 138

330 645 405 734 Peg.
426 652 468 715 22
493 647 530 713 ad
555 649 619 714 137
640 649 657 732 b
678 650 707 714 1.
754 646 802 712 cf.
834 646 986 712 Diodorus
1014 646 1063 712 XI
1096 648 1159 715 56:
1182 686 1226 698 -
1252 653 1288 718 τὸ
1319 677 1408 737 τηνι-

288 763 385 832 καῦθ’
408 769 427 831 o‘
453 765 619 852 βασιλεύς,
649 768 858 852 φοβηθεὶς
883 769 955 848 μὲν
980 771 1052 843 τὰς
1079 766 1282 846 α’πειλάς,
1307 765 1406 834 ἐλεῶν

288 884 322 950 δὲ
350 886 406 948 τὸν
432 881 553 965 ἱκέτην.
572 917 611 928 -
631 878 800 945 Diodorum
815 878 848 943 in
872 879 927 943 hao
942 884 1027 963 parte
1043 878 1187 943 historiae
1202 879 1287 964 sequi
1302 878 1407 964 Itpho·

284 1016 352 1059 rum
375 1000 530 1058 auctorem
551 993 633 1058 haud
655 993 833 1078 spernendis
862 994 1049 1078 argumentis
1074 1016 1170 1080 nuper
1194 992 1321 1085 probare
1354 1017 1407 1080 ag-

286 1131 406 1194 gressus
428 1108 530 1174 1110.
555 1110 593 1174 A.
616 1109 827 1195 Volquardsen
851 1109 901 1179 in:
933 1107 1224 1197 Uolersucbuopen
1246 1109 1327 1177 dher
1353 1109 1407 1178 die
1490 1170 1493 1177 .

290 1223 425 1304 Quelteo
449 1223 507 1290 der
533 1221 764 1292 Grieobicobco
786 1225 857 1291 uod
885 1222 1078 1292 Siciliccbeo
1108 1221 1319 1291 Gesobiohtco
1354 1224 1407 1291 bei

286 1338 418 1406 Diodes.
440 1337 481 1405 B.
506 1336 697 1405 XI—XVI.
747 1338 903 1423 Ephorum
926 1345 1026 1403 autem
1048 1337 1135 1424 sequi
1158 1338 1305 1424 imprimis
1321 1337 1406 1403 Thu·

286 1453 423 1540 cydidem
447 1475 535 1517 nemo
559 1451 725 1518 dubitabit.

254 1631 255 1636 ,
328 1567 401 1653 Cap.
427 1569 489 1633 137
513 1569 531 1653 p
555 1571 585 1634 2.
630 1570 752 1656 μέχρι
776 1568 874 1645 πλοῦς
901 1568 1048 1653 γένηται.
1082 1566 1208 1632 Rectius
1232 1566 1314 1631 VIII
1343 1568 1403 1635 58:

282 1684 404 1771 μέχρι
430 1689 479 1751 ἂν
506 1684 637 1749 ἔλθωσι.
686 1681 724 1746 In
748 1681 808 1761 ἕως
830 1689 892 1760 ἄν,
909 1686 1058 1765 quantum
1080 1680 1222 1761 memini,
1246 1682 1327 1766 apud
1346 1681 1403 1748 Th

283 1819 434 1881 nusquam
464 1801 618 1880 peccatum
648 1771 705 1862 est.
752 1796 779 1859 Ε
806 1794 1328 1875 11111111ο1111111Ι281111.,
1360 1799 1403 1862 29

283 1915 376 1986 extr,
403 1909 710 1995 9111118111,
745 1912 785 1976 97
810 1911 827 1995 p
852 1913 889 1988 1,
913 1909 960 1973 VI
984 1913 1035 1990 77,
1059 1908 1143 1973 VIII
1167 1912 1225 1989 11,
1258 1910 1317 1986 29,
1348 1911 1403 1976 84.

283 2031 393 2112 Πρὶν
428 2033 470 2093 ἄν
501 2030 583 2088 recte
613 2013 725 2109 largitur
749 2024 766 2087 I
789 2026 850 2103 91,
881 2024 929 2088 IV
952 2026 1011 2104 97,
1043 2022 1090 2087 VI
1121 2026 1180 2103 71,
1213 2022 1267 2088 sed
1290 2023 1404 2088 omissa

283 2138 429 2223 particula
454 2138 538 2202 VIII
562 2140 581 2204 9
605 2138 666 2218 bis,
691 2138 737 2202 VI
761 2141 821 2218 29,
845 2138 928 2208 alibi.
963 2138 1077 2203 Eadem
1100 2161 1195 2224 paene
1226 2144 1402 2206 constanter

282 2253 367 2318 abest
389 2277 405 2318 a
428 2253 556 2318 formula
584 2256 675 2343 μέχρι
699 2247 746 2322 οὗ.
793 2252 839 2319 Of.
872 2253 927 2317 III
957 2256 1018 2332 28,
1042 2251 1089 2316 IV
1112 2255 1152 2320 16
1177 2253 1194 2336 b
1219 2253 1256 2332 3,
1286 2252 1333 2317 IV
1357 2256 1399 2318 41

283 2368 300 2452 p
326 2371 362 2447 1,
386 2370 438 2434 46.
486 2368 584 2433 Unico
611 2369 677 2432 loco
706 2369 811 2433 addita
840 2367 904 2432 VII
928 2368 1010 2452 83§
1037 2371 1056 2433 2
1066 2392 1075 2444 3
1107 2368 1188 2432 unde
1219 2369 1254 2433 fit
1282 2375 1316 2442 ut
1338 2369 1402 2434 illis

284 2483 407 2567 quidem
428 2482 502 2548 loeis
525 2483 557 2547 in
581 2483 723 2569 vulgata,
747 2483 800 2548 sed
822 2482 957 2562 invitus,
980 2482 1177 2567 acquiescam.

326 2599 401 2684 Pag.
427 2599 468 2664 23
500 2598 537 2661 ad
565 2597 600 2661 Π
623 2602 645 2662 4
667 2599 685 2683 p
710 2601 740 2664 2.
786 2597 899 2663 Eadem
924 2597 1029 2662 vocula
1052 2596 1187 2682 perdidit
1210 2598 1310 2662 locum
1335 2597 1403 2663 Iso·

282 2713 371 2777 eratis
393 2712 426 2777 in
449 2712 669 2799 Panegyricop
691 2713 771 2779 113:
797 2713 856 2780 εἶτ’
882 2715 939 2781 oda
959 2719 1192 2801 αἰσχύνονται,
1213 2720 1271 2793 τὰς
1291 2719 1403 2783 αὐτῶν

282 2828 391 2905 πόλεις·
421 2832 520 2904 οὕτως
547 2831 673 2913 α’νόμως
697 2828 870 2906 διαθέντες
901 2827 986 2911 [καὶ]
1021 2836 1076 2911 τῆς
1098 2829 1255 2915 ἡμετέρας
1280 2829 1405 2909 aoruca

283 2949 536 3029 κατηγοροῦντες
544 2962 559 3024 ,·

325 3057 400 3141 Peg.
425 3061 468 3122 24
490 3055 529 3122 ad
552 3056 626 3123 119
650 3058 667 3142 ᾧ
692 3059 721 3120 1.
769 3055 814 3124 De
837 3055 998 3121 Messeniis
1019 3055 1216 3142 Naupactum
1243 3054 1403 3121 incolenti-

281 3169 337 3234 bus
360 3169 567 3257 Thucydidem
589 3170 739 3256 cogitasse
761 3169 916 3257 probabile
938 3192 1000 3234 non
1023 3177 1080 3236 111.
1128 3171 1239 3255 Neque
1262 3169 1356 3236 enim*
1369 3172 1403 3238 hi

280 3291 350 3372 post
372 3286 508 3351 relictam
532 3286 775 3372 Peloponnesum
798 3286 926 3370 amphus
948 3307 983 3350 eo
1006 3285 1129 3350 nomine
1149 3285 1401 3370 designabantur,

281 3407 316 3464 11
339 3403 455 3487 opinor.
1291 3487 1295 3496 .

325 3516 398 3601 Peg.
429 3516 469 3582 25
498 3515 536 3579 ad
564 3518 605 3581 18
633 3517 650 3601 p
674 3519 703 3582 2.
750 3515 824 3579 Plus
850 3515 923 3580 huic
946 3515 1136 3580 coniecturae
1161 3514 1344 3596 tribuerem,
1368 3517 1402 3582 'si

281 3638 434 3696 constaret
456 3631 594 3709 Atticos,
618 3637 654 3696 ut
687 3631 886 3710 recentiores,
909 3629 1101 3696 substantivo
1132 3636 1304 3716 ξυναγωγῇ
1329 3653 1402 3698 1111

278 3769 343 3812 1111
366 3769 421 3833 pro
445 3748 614 3828 sartores.

321 3860 393 3947 Gap.
419 3864 461 3928 26
493 3860 532 3926 ad
565 3864 605 3926 21
631 3862 648 3944 b
679 3863 707 3928 1.
753 3861 867 3926 Eadem
892 3867 938 3925 est
962 3860 1095 3944 Kriigeri
1121 3859 1285 3926 sententia.
1331 3859 1401 3926 Neo

278 3983 379 4042 tamen
404 3975 608 4040 Grammatico
630 3975 749 4040 Graeca
772 3976 914 4060 vulgatae
936 3974 1063 4040 lectioni
1086 3974 1275 4040 adversatur.
1299 3973 1400 4056 Quin·

278 4092 339 4155 imo
366 4090 466 4174 gravis
499 4112 546 4153 me
576 4096 661 4154 tenet
694 4091 827 4176 suspicio
863 4092 963 4155 locum
987 4111 1075 4174 saepe
1099 4089 1211 4154 frustra
1244 4089 1400 4156 tentatum

277 4206 332 4271 III
354 4208 397 4271 40
422 4208 437 4289 1
462 4206 479 4269 1
502 4198 668 4270 mutatione
688 4205 906 4291 propemodum
925 4204 1009 4269 nulla
1030 4204 1074 4270 sic
1088 4204 1299 4290 refingendum
1316 4226 1400 4270 esse:

276 4323 393 4388 οὐκοῦν
419 4319 469 4386 δεῖ
484 4329 660 4404 προθεῖναι
678 4319 795 4385 ἐλπίδα
814 4325 885 4386 οὔτε
902 4319 987 4406 λόγῳ
1002 4328 1164 4402 necotha
1184 4322 1249 4406 (pro
1265 4327 1400 4407 πιστήν)

277 4441 348 4504 οὔτε
374 4443 528 4523 χρήμασιν
555 4439 695 4518 ὠνητήν.
745 4432 984 4517 Interpolatione
1010 4433 1144 4498 laborare
1168 4435 1289 4499 videtur
1311 4434 1401 4500 locus

279 4548 428 4618 Herodoti
441 4545 507 4612 VII
531 4550 550 4614 6
574 4547 659 4614 init:
683 4550 830 4616 ἀνέπεισε
854 4549 978 4637 Ξέρξεα
1005 4549 1097 4632 [ὥστε
1121 4551 1260 4636 ποιέειν]
1278 4557 1398 4620 ταῦτα.
