3166 5230
711 475 776 546 129

181 665 276 732 libros
302 666 393 732 MSS.
416 665 495 733 nihil
518 665 629 732 obstat.
665 665 765 732 Aliter
781 689 827 732 res
842 689 874 731 so
890 667 983 733 habet
996 667 1029 732 in
1045 666 1167 734 nomine
1182 667 1300 734 insulae

183 793 308 872 Μινῴα
332 782 400 866 (ΙΙΙ
423 784 480 863 51,
504 782 552 848 IV
578 784 619 848 67
640 787 671 846 et
690 783 783 864 118),
804 782 899 868 quod,
923 782 1031 870 quippe
1055 789 1162 849 natum
1178 807 1215 850 ex
1230 795 1299 854 Μι·

183 901 263 966 aare
287 897 414 982 pessime
436 896 538 962 editur
560 895 626 963 sine
649 897 722 960 iota.

227 1011 298 1096 Gap.
332 1014 407 1079 101.
442 1014 573 1103 βορέαν.
618 1011 731 1076 Eadem
753 1011 849 1077 forma
875 1010 991 1096 legitur
1013 1012 1067 1077 III
1098 1015 1135 1090 4,
1160 1014 1216 1094 23,
1248 1016 1299 1082 VI

184 1129 339 1207 99,104.
386 1126 483 1192 Semel
510 1127 641 1193 occurrit
667 1127 761 1192 altera
789 1134 910 1215 βορρᾶν
939 1127 990 1191 Vl
1014 1130 1044 1192 2.
1091 1127 1129 1192 In
1156 1129 1210 1195 illa
1236 1137 1299 1195 tam

182 1242 292 1326 tragici
316 1263 408 1326 quarn
431 1241 538 1308 comici
561 1248 670 1327 poetae
693 1241 790 1307 amice
812 1241 988 1327 conspirant
995 1267 1005 1321 ι
1027 1243 1102 1307 haec
1124 1250 1229 1308 contra
1252 1250 1301 1310 est

181 1357 235 1423 ubi
261 1363 358 1422 metro
382 1356 559 1422 excludatur
591 1378 619 1422 v.
637 1379 662 1421 c.
694 1355 775 1440 apud
804 1355 897 1422 Arist.
920 1354 1011 1441 Vesp.
1042 1360 1138 1424 1119.
1184 1359 1232 1424 (ll.
1255 1359 1296 1426 ib.

183 1473 258 1540 265.
307 1471 409 1552 Quare
433 1471 641 1556 Thucydidem
663 1493 783 1557 quoque
805 1471 925 1536 illorum
948 1473 1100 1557 aequalem
1124 1473 1188 1538 sola
1204 1474 1300 1539 forma

181 1589 296 1675 βορέας
328 1609 416 1651 usum
443 1609 506 1650 esse
540 1609 601 1651 non
630 1585 746 1651 dubito.
793 1594 922 1674 Βορρᾶς
952 1591 1057 1651 contra
1086 1587 1227 1672 frequens
1254 1596 1301 1653 est

182 1701 261 1787 apud
290 1701 451 1785 sequiores.
507 1699 652 1765 Ceterum
681 1723 748 1764 cum
779 1707 906 1785 utraque
932 1700 1026 1765 forma
1056 1701 1235 1767 Eustathins
1261 1703 1299 1768 ad

181 1815 221 1879 Il.
245 1814 263 1878 I
286 1815 306 1882 5
329 1837 391 1880 non
415 1813 492 1880 male
516 1815 698 1903 comparauit
723 1822 845 1902 στερεός
867 1820 898 1880 et
922 1823 1058 1904 στερρός.

226 1929 299 2014 Cap.
325 1932 399 1996 102.
437 1928 604 1999 Ἀπόλλω.
650 1927 762 1994 Eadem
786 1930 960 1995 Accusativi
983 1931 1079 1995 forma
1102 1931 1230 1997 recurrit
1253 1931 1300 1997 IV

183 2046 224 2111 97
242 2051 318 2108 extr.
365 2042 502 2110 Atticam
526 2066 589 2108 esse
612 2042 740 2109 dubium
757 2051 894 2110 nonest.
920 2044 997 2110 Vide
1014 2045 1182 2111 Moeridom
1199 2070 1229 2132 p.
1247 2048 1298 2114 33.

182 2160 210 2223 A
233 2160 356 2244 tragicis
379 2159 548 2245 promiscue
565 2164 729 2244 usurpatur
744 2181 812 2224 cum
828 2159 922 2224 altera
943 2157 1156 2231 Ἀπόλλωνα.
1184 2161 1300 2228 Comici

181 2273 243 2340 fere
275 2275 431 2340 abstinent
461 2279 668 2360 praeterquam
698 2275 731 2338 in
753 2274 891 2340 formulis
915 2284 953 2360 νή
981 2315 1018 2325 -
1043 2283 1087 2362 μὰ
1112 2315 1153 2325 --
1177 2283 1233 2348 ναὶ
1255 2283 1299 2363 μὰ

181 2395 240 2457 τὸν
265 2388 422 2458 Ἀπόλλω
446 2391 636 2474 (Ποσειδῶ),
663 2395 695 2454 et
718 2390 798 2454 hunc
823 2411 936 2454 morem
952 2397 1121 2474 sequuntur
1138 2393 1300 2478 scriptores

181 2502 336 2588 pedestres
358 2510 475 2589 praeter
498 2526 594 2568 unum
617 2504 836 2589 Thucydidem,
861 2505 887 2568 si
910 2504 983 2570 fides
1005 2505 1144 2572 librariis.

226 2613 280 2678 ΠΙ
304 2616 334 2680 9.
358 2624 525 2695 καθεστὸς.
549 2616 664 2683 Verum
687 2626 735 2683 est
757 2627 925 2698 καθεστὼς
942 2627 973 2684 et
990 2618 1037 2685 IV
1053 2623 1095 2688 10
1113 2627 1298 2706 περιεστὼς.

184 2727 321 2813 Utroque
344 2728 409 2794 loco
434 2731 551 2796 vadant
571 2730 659 2810 libri,
686 2755 813 2819 quorum
836 2740 937 2800 tamen
960 2735 1044 2801 nulla
1065 2742 1112 2800 est
1133 2735 1166 2799 in
1182 2736 1229 2800 his
1245 2737 1300 2800 rni-

182 2843 280 2909 nutiis
312 2845 483 2910 auctoritas.
533 2846 602 2912 Sola
632 2848 796 2934 spectanda
826 2857 871 2914 est
901 2851 1125 2918 terminationis
1155 2851 1240 2937 origo
1263 2873 1301 2916 ex

181 2964 248 3034 αός.
295 2957 343 3024 Of.
367 2958 518 3026 Matthiae
542 2960 596 3027 Gr.
619 2965 636 3048 0
660 2964 742 3045 198,
768 2965 800 3030 3.

226 3072 299 3158 Cap.
325 3075 376 3141 23.
401 3079 644 3165 ἀναβεβήκεσαν
670 3076 722 3163 (cf.
747 3076 812 3142 VII
831 3081 883 3164 4),
908 3079 955 3143 IV
972 3082 1014 3147 90
1037 3085 1298 3158 καταπεπτὼκει,

180 3186 265 3253 Vll
290 3199 540 3277 προκεχωρήκει,
567 3192 608 3257 35
633 3194 896 3271 ἀποδεδώκεσαν,
922 3193 986 3258 VII
1011 3195 1051 3259 33
1070 3196 1297 3271 ὑπολέλειπτο,

182 3305 226 3367 44
248 3307 444 3392 ἀναβεβήκει
471 3304 536 3386 (sed
559 3313 758 3390 augmentum
784 3306 897 3372 habent
920 3311 1027 3394 Am),
1051 3308 1134 3374 VIII
1152 3309 1192 3375 15
1221 3314 1300 3380 οἰνα-

182 3429 414 3506 κεχωρήκεσαν,
440 3417 522 3483 VIII
539 3422 579 3487 66
603 3431 766 3506 τεθνήκει,
790 3420 856 3486 VII
872 3425 912 3488 72
937 3453 971 3493 τε
995 3433 1215 3493 πεπόνθεσαν.
1243 3424 1301 3488 His

181 3528 243 3596 fore
264 3531 339 3596 locis
363 3531 443 3617 apud
463 3532 672 3620 Thucydidem
692 3535 879 3602 desideratur
895 3545 1093 3622 augmentum
1110 3538 1298 3626 syllabicam,

181 3644 263 3732 qnod
289 3645 414 3711 iubente
438 3646 643 3713 Grammatico
667 3651 770 3716 Attica
794 3651 822 3716 ei
845 3651 968 3718 reddere
989 3675 1051 3718 non
1076 3652 1245 3744 dubitabo..

224 3758 344 3824 Ibidem
374 3765 614 3849 ὑπονειφομένη
645 3769 677 3828 et
708 3765 755 3829 IV
788 3769 850 3833 103
878 3770 1038 3852 ὖπένειφε.
1087 3767 1133 3831 De
1160 3767 1207 3831 his
1232 3767 1300 3834 vide

180 3871 330 3938 Cobetum
362 3875 400 3940 ad
432 3874 614 3960 Hyperidem
642 3899 671 3962 p.
701 3880 754 3944 57.
800 3879 900 3958 Quam
928 3880 968 3945 sit
996 3885 1114 3945 vetusta
1137 3881 1210 3946 haec
1230 3882 1301 3947 sori·

179 3985 273 4051 bendi
295 3986 360 4052 iota
382 3989 563 4073 productum
584 4013 638 4076 per
660 4001 691 4060 ΐι
705 3995 895 4059 consuetudo
912 3995 1091 4060 documento
1107 4003 1173 4060 esto
1189 3997 1299 4063 titulus

179 4101 260 4184 apud
292 4089 462 4167 Btclrhium
493 4103 527 4169 O.
551 4105 577 4170 Ι.
611 4109 690 4186 142,
723 4108 776 4192 qui
797 4109 930 4192 pertinet
953 4108 991 4174 ad
1015 4109 1066 4176 01.
1093 4113 1243 4192 91-92,
1266 4113 1298 4178 in

179 4237 240 4300 quo
270 4224 368 4282 exstat
399 4229 660 4287 retorserunt
691 4243 746 4307 pro
782 4235 1026 4291 rrsnmrurrr.
1080 4226 1193 4292 Eadem
1228 4249 1299 4292 vero

179 4333 277 4394 aetate
316 4329 430 4395 abusus
467 4329 525 4395 iam
568 4355 603 4396 eo
638 4342 821 4419 processerat
856 4345 892 4401 ut
927 4339 1121 4422 quadratario
1155 4341 1300 4406 exciderit

179 4455 463 4508 ururrnrrnor
485 4447 602 4533 (λίθοι)
625 4471 679 4533 pro
702 4462 968 4520 nnurrnrror.
1018 4455 1094 4520 Vide
1117 4455 1191 4522 01.
1218 4460 1301 4536 160,

178 4557 233 4642 qui
253 4558 362 4628 titulus
385 4568 524 4628 exaratus
547 4570 593 4627 est
615 4563 664 4631 Ol.
691 4567 749 4644 92,
773 4569 803 4632 4.
