3190 5232
856 498 898 562 20

318 690 408 768 χίστῆ
434 692 526 770 ἑορτὴ
552 689 671 772 εἴρητο,
696 682 763 752 οὔτ’
789 692 911 761 ἐκεῖνος
936 688 998 752 ἔτι
1021 695 1203 774 κατενόησε.
1250 689 1367 754 Vocula
1385 695 1439 757 ἔτι

318 799 346 863 h.
372 793 393 862 l'.
416 821 506 863 sensu
530 821 622 863 vacua
646 805 762 862 mutata
785 799 819 862 in
843 829 892 878 τι,
918 800 1088 884 corrigatur
1111 809 1231 879 ἐκεῖνος
1257 833 1299 870 τι.

362 913 436 1001 Cap.
461 919 523 980 127
550 917 565 999 δ
592 919 620 980 1.
646 925 749 983 Τοῦτο
774 918 813 998 δη
839 921 874 983 τὸ
898 925 978 998 ἄγος
1004 916 1036 996 (l.
1061 921 1152 1001 ἄχος)
1178 924 1208 984 οἱ
1231 922 1440 1003 Λακεδαιμο-

318 1059 381 1098 νιοι
406 1032 556 1098 ἐκέλευον
574 1032 722 1098 ἐλαύνειν
741 1033 872 1113 δῆθεν
889 1040 956 1107 τοῖς
975 1042 1063 1108 θεοῖς
1081 1042 1246 1117 πρῶτον
1264 1048 1440 1118 τιμωροῦν-

315 1173 378 1220 τες.
427 1144 643 1208 Difficultatem
675 1143 766 1208 huius
799 1145 858 1208 loci
882 1144 1063 1229 interpretes
1086 1145 1214 1210 eludunt
1239 1155 1343 1211 contra
1365 1169 1436 1232 pro-

314 1260 473 1342 prietatem
506 1260 653 1323 sermonis
687 1269 817 1344 πρῶτον
850 1260 1013 1326 vertendo:
1043 1270 1120 1328 unte
1147 1265 1266 1329 omniu.
1314 1263 1438 1326 Ferrem

314 1380 541 1461 προθύμως
569 1385 792 1462 τιμωροῦντες,
818 1376 890 1460 quia
914 1395 1014 1440 tamen
1040 1377 1144 1442 vocula
1168 1382 1269 1462 δῆθεν
1295 1400 1355 1443 non
1380 1399 1439 1442 suo

314 1491 378 1554 loco
413 1490 472 1574 legi
508 1490 643 1569 videtur,
680 1491 817 1574 suspicor
851 1514 976 1556 manum
1010 1491 1196 1578 Thucydidis
1221 1492 1299 1556 hanc
1326 1491 1437 1555 fuisse:

314 1608 461 1674 ἐκέλευον
483 1608 633 1674 ἐλαύνειν
663 1617 729 1683 τοῖς
753 1617 842 1684 θεοῖς
863 1607 995 1690 δῆθεν
1019 1615 1241 1693 τιμωροῦντες.
1269 1616 1380 1691 Δῆθεν
1405 1615 1438 1669 et

313 1731 440 1807 πρῶτον
475 1721 575 1785 varias
610 1722 756 1785 lectiones
786 1744 850 1784 esse
885 1721 1079 1800 crediderim,
1114 1744 1242 1805 quorum
1273 1721 1348 1785 haec
1371 1743 1438 1785 cor·

316 1845 416 1919 rupta,
443 1836 496 1900 illa
515 1837 632 1900 sincera
644 1838 695 1900 sit.
720 1837 795 1900 Mox
811 1837 926 1901 mireris
944 1849 1206 1924 προσεχόμενον
1224 1860 1240 1900 a
1258 1836 1436 1938 Thucydide
1557 1881 1558 1920 χ

315 1959 495 2034 usurpatum
519 1973 582 2013 esse
607 1973 660 2034 pro
685 1957 910 2038 ἐνεχόμενον.
937 1949 1024 2013 Nihil
1049 1959 1149 2014 tamen
1173 1959 1267 2016 muto.

357 2063 376 2132 †
406 2062 481 2148 Cap.
515 2066 578 2130 128
612 2068 628 2145 p
658 2067 772 2131 2.·τὸν
800 2066 1058 2152 Ἑλληνικὸν
1089 2068 1228 2151 πόλεμον
1262 2067 1313 2130 vix
1336 2067 1437 2133 dicere
1557 2087 1558 2130 ι

312 2177 409 2242 Thuc.
447 2178 550 2263 potuit
583 2177 694 2242 bellum
730 2179 906 2256 Persicum,
940 2203 1031 2266 quare
1066 2181 1183 2265 corrigo
1216 2186 1432 2270 Μηδικόν.

311 2299 603 2360 ΕΛΛΗΝΙΚΟΝ
625 2315 660 2356 eo
683 2292 801 2357 facilius
825 2317 841 2356 e
866 2302 1095 2363 MHAIKON
1122 2295 1204 2360 nasci
1218 2297 1332 2380 potuit,
1350 2299 1434 2383 quod

313 2403 345 2466 iu
378 2404 488 2468 vicinia
515 2405 627 2489 legitur
654 2414 1000 2484 EAAHNIKHZ.†
1028 2407 1195 2492 Occupavit
1219 2410 1261 2474 sic
1285 2413 1433 2498 corrigere

312 2517 467 2583 Gebhardt
490 2507 524 2582 in
548 2519 736 2585 Fleckeiseni
761 2520 929 2586 Annalibus
944 2521 1113 2587 LXXXIX
1129 2547 1157 2608 p.
1174 2527 1258 2604 466,
1277 2533 1312 2590 ut
1326 2535 1434 2612 postea

311 2657 364 2718 per
388 2633 491 2698 literas
516 2658 562 2698 me
586 2635 744 2700 admonuit
768 2637 814 2700 vir
837 2638 1037 2702 amicissimus
1060 2637 1173 2704 Naber.

357 2748 429 2832 Cap.
457 2751 520 2815 129
546 2752 562 2832 δ
588 2755 617 2814 2.
641 2756 964 2835 σέντεχέχραπτο
988 2757 1022 2821 δὲ
1046 2757 1136 2832 τάδε,
1156 2755 1190 2818 in
1206 2757 1333 2840 epistola
1349 2760 1431 2844 regis

311 2861 349 2926 ad
379 2863 571 2927 Pausaniam.
604 2865 699 2929 Thuc.
731 2866 850 2952 scripsit
872 2871 1275 2955 οέντενεχέχραπτο,
1303 2880 1337 2936 ut
1365 2877 1428 2940 128

311 2978 328 3058 δ
360 2979 381 3040 4
415 2985 495 3042 recte
526 2979 656 3062 legitur:
684 2983 974 3068 ἐνεγέγραπτο
996 2986 1029 3049 δὲ
1059 2985 1134 3050 τάδε
1161 2986 1209 3068 [ἐν
1236 2989 1352 3073 coefi,
1379 2989 1429 3052 ubi

310 3091 369 3155 duo
395 3092 500 3157 ultima
525 3093 669 3158 vocabula
692 3095 858 3159 reddantur
882 3097 1072 3180 magistellis.

353 3205 424 3292 (lap.
460 3209 523 3274 130
555 3211 571 3292 δ’
605 3212 634 3273 l.
669 3212 753 3276 αλλὰ
782 3221 896 3290 σκενάς
922 3242 954 3280 τε
982 3218 1138 3302 Μηδικὰς
1162 3217 1351 3302 ἐνδυόμενος
1377 3219 1426 3302 [εἰι

310 3333 364 3388 τοῦ
388 3325 595 3407 Βυζαντίον]
627 3327 721 3410 ἐξῄει.
748 3323 901 3390 Vocabula
924 3327 1041 3392 inclusa
1065 3328 1237 3394 adhaesisse
1256 3331 1393 3396 videnter
1413 3355 1429 3397 e

311 3437 387 3500 mala
410 3438 660 3522 interpretatione
685 3440 767 3504 verbi
792 3445 932 3519 ἐξιέναι,
958 3445 1040 3528 quod
1064 3444 1093 3510 h.
1118 3445 1139 3509 l.
1164 3445 1329 3530 siguificat:
1350 3467 1429 3533 μνο-

308 3552 520 3638 prcde'ebutur
542 3553 642 3639 forus.
688 3555 776 3618 Idem
799 3555 1040 3620 additamentum
1064 3557 1162 3622 Cobet
1186 3559 1297 3624 delevit
1317 3560 1349 3624 in
1366 3562 1428 3646 epi·

309 3667 385 3730 stola
408 3668 488 3752 regis
512 3691 575 3753 cap.
602 3672 674 3736 129.
701 3707 742 3716 -—
762 3668 806 3734 lb.
831 3674 845 3752 §
870 3675 1178 3760 2κατέχειντῆν
1196 3677 1346 3743 διάνοιαν
1365 3684 1429 3740 tam

312 3781 386 3845 belle
415 3783 529 3847 dictum
562 3806 651 3867 quam
683 3785 792 3848 Latine
825 3783 941 3848 dictum
965 3785 1044 3850 foret
1068 3786 1261 3853 cohiberes.
1285 3789 1429 3858 retinere

305 3900 520 3984 propositum.
544 3899 616 3984 Ipsa
640 3899 791 3985 oppositio
817 3899 905 3963 docet
928 3899 982 3966 Th.
1004 3902 1175 3986 scripsisse:
1202 3909 1256 3970 ccl
1274 3906 1426 3986 στέγειν

309 4021 367 4096 τ’χν
393 4017 545 4082 διάνοιαν
577 4015 696 4098 (celare
715 4014 932 4102 propositum)
959 4022 1014 4085 οὐκ
1043 4020 1204 4100 ἠδύνατο,
1227 4020 1298 4086 αλλ’
1323 4024 1427 4106 ἔργοις

308 4131 440 4216 βραχέσι
472 4134 708 4217 προνδῆλοο
732 4139 752 4198 ἃ
777 4146 813 4217 τῆ
827 4139 949 4219 γνώμῃ
970 4139 1122 4218 μειζόνως
1144 4135 1291 4201 ἐσέπειτα
1316 4137 1426 4221 ε”μελλε

309 4247 454 4328 πράξειν.
502 4245 601 4311 Verbo
629 4251 752 4330 στέγειν
787 4245 850 4332 (Ξ
879 4249 1049 4333 κρύπτειν)
1078 4254 1180 4311 noster
1213 4271 1285 4312 usus
1310 4256 1356 4314 est
1381 4249 1427 4314 VI

309 4356 350 4420 72
374 4363 449 4421 extr.
474 4395 515 4405 -
540 4360 616 4424 Mon
639 4362 710 4425 haec
735 4360 822 4425 verba
839 4368 1024 4445 sequuntur:
1042 4363 1258 4449 δυσπρόσοδον
1276 4392 1309 4430 τε
1326 4369 1424 4433 αὑτὸν

307 4481 438 4558 παρεῖχε
463 4480 516 4540 καὶ
543 4489 582 4562 τῇ
603 4481 681 4564 ὀργῇ
703 4481 747 4544 οὗ
761 4505 811 4543 τω
836 4480 957 4562 χαλεπῆ
980 4481 1090 4562 ἐχρῆτο
1112 4481 1143 4553 ἐς
1169 4486 1294 4554 πάντας
1310 4481 1423 4562 ὁμοίως

308 4585 411 4659 ὥστε
434 4593 597 4678 μηδένα
622 4597 838 4662 δύνασθαι
867 4593 1107 4676 προσιέναι.
1154 4591 1273 4656 Delenti
1294 4593 1327 4655 in
1345 4599 1425 4656 Ana·
