3166 5230
773 440 838 506 154

284 628 357 714 Cep.
383 632 425 694 12
450 632 467 712 d
492 633 531 692 2:
557 634 641 708 ὅπως
665 639 847 714 θαυμασθῇ
868 635 928 712 μὲν
949 635 1016 697 οἰπὸ
1041 643 1096 715 τῆς
1121 638 1362 720 ἱπποτροφίας,

240 749 295 813 διὰ
320 748 354 811 δὲ
379 744 594 812 πολυτέλειαν
620 749 674 808 καὶ
698 744 854 830 αἰφεληθῇ
875 773 906 810 τι
924 751 958 811 εἰι
976 756 1031 828 τῆς
1047 750 1157 834 ἀρχῆς.
1190 747 1262 812 Sine
1279 772 1371 815 censa

239 859 273 923 in
298 860 328 924 h.
349 859 369 923 l.
397 859 495 922 haesit
520 859 651 942 Kriiger‚
676 880 766 941 quem
789 858 899 922 fefellit
923 861 1107 942 paretuctice
1130 861 1188 926 loci
1205 864 1298 942 ratio,
1315 865 1369 930 ubi

240 981 343 1039 nostro
361 995 442 1038 more
467 973 657 1068 hypotectice
680 955 894 1037 scriberemus:
918 979 1004 1051 ὅπως
1030 981 1278 1062 θαυμαζόμενος
1302 985 1367 1048 α’πο

241 1102 297 1173 τῆς
315 1093 531 1174 ἱπποτροφίας
548 1091 603 1156 διὰ
619 1088 836 1156 πολυτέλειαν
855 1095 910 1154 καὶ
928 1091 1086 1176 ώφεληθῇ
1098 1119 1129 1156 τι
1143 1099 1177 1158 εἰι
1193 1099 1366 1181 τῆςοῖρχῆς.

287 1205 336 1269 VI
360 1207 400 1270 27
426 1207 440 1286 ᾗ
465 1205 482 1267 1
508 1210 744 1288 περιεκόπησαν
770 1203 824 1284 [τὰ
848 1205 1029 1288 πρόοοοπα].
1060 1205 1184 1268 Nollem
1210 1205 1368 1272 Dobrenm

239 1329 364 1406 propter
385 1319 486 1382 locum
513 1315 673 1378 Plutarchi
697 1314 796 1379 Alcib.
825 1317 865 1381 18
893 1315 1069 1400 repudiasse
1098 1339 1182 1382 suam
1212 1321 1369 1384 coniectu-

240 1457 304 1498 ram
328 1432 461 1496 insiticia
486 1452 550 1493 esse
576 1429 719 1492 vocabula
743 1436 784 1496 τὰ
804 1411 972 1514 πρόσωπα.
1003 1430 1128 1495 Praeter
1151 1432 1234 1496 locos
1258 1435 1369 1500 citatos

239 1547 321 1632 apud
343 1545 519 1631 Popponem
544 1544 582 1607 cf.
608 1543 811 1627 Harpocratio
834 1543 854 1608 i.
868 1565 896 1606 v.
921 1544 1163 1628 Πολύστρατος.
1203 1545 1259 1610 Vel
1285 1549 1368 1633 apud

239 1663 438 1727 Plutarchum
463 1660 538 1724 mihi
567 1666 706 1743 suspecte
730 1666 803 1722 suut
822 1658 926 1722 eedem
951 1659 1106 1724 vocabula.
1153 1660 1294 1726 Ceterum
1320 1685 1369 1728 re-

239 1777 389 1862 spicietne
409 1775 457 1839 Pl.
474 1775 556 1839 hunc
570 1774 670 1860 ipsum
688 1774 787 1837 locum
805 1773 900 1839 Thuc.
917 1795 1026 1852 necne,
1043 1775 1194 1840 incertum
1210 1800 1275 1842 esse
1290 1801 1369 1845 reor.

284 1892 317 1956 r.
335 1873 400 1968 sc,
425 1894 455 1954 5.
503 1887 851 1955 secernerem.
898 1887 947 1952 ru.
972 1888 1010 1951 ar
1035 1891 1075 1954 οι
1105 1891 1121 1974 c
1151 1891 1181 1956 3.
1229 1892 1368 1958 srmuem

238 2014 340 2070 temen
371 2005 433 2068 vim
463 2011 584 2088 μακρὸς
616 2001 708 2066 habet
738 1999 770 2067 in
803 2003 1030 2066 locutionibus:
1065 2017 1204 2091 μακρὰ
1241 2010 1367 2088 κλάειν,

239 2126 402 2206 οἰμώζειν,
431 2125 566 2206 χαίρειν,
592 2123 626 2180 ut
650 2125 767 2180 taceam
783 2140 800 2180 a
817 2117 940 2200 tragicis
957 2118 1088 2183 subinde
1105 2120 1163 2183 hoc
1183 2120 1368 2186 adiectivum

240 2235 314 2319 poni
346 2255 401 2318 pro
435 2235 548 2317 μέγας.
606 2230 714 2313 Neque
744 2253 761 2294 a
794 2230 971 2316 Thucydide
1008 2233 1089 2297 hunc
1120 2256 1207 2298 usum
1245 2257 1368 2319 prorsus

238 2350 372 2414 alienum
396 2371 462 2412 esse
485 2346 592 2431 probet
616 2347 700 2410 locus
726 2344 782 2409 III
807 2348 848 2411 39
865 2348 881 2430 d
899 2348 933 2425 3,
959 2346 1013 2411 ubi
1036 2359 1217 2435 μακρότερα
1240 2352 1370 2436 opponi-

236 2472 287 2529 tur
311 2465 376 2527 voci
401 2464 544 2530 ἔλασσα·
570 2460 658 2524 Plato
681 2453 794 2524 alicubi
818 2461 849 2524 iu
874 2461 1058 2546 Republica,
1083 2462 1205 2527 sirecte
1222 2466 1366 2543 memini,

237 2587 357 2666 μακρὸς
380 2586 496 2664 μισθός
519 2576 618 2640 dicere
641 2597 732 2638 ausus
756 2582 810 2640 est.
860 2575 962 2656 Quare
985 2576 1065 2640 nihil
1089 2585 1185 2642 muto.

285 2693 357 2778 Cep.
382 2696 424 2758 41
450 2695 467 2774 d
492 2695 523 2756 2.
556 2697 586 2769 ἐς
613 2695 693 2774 ὑμᾶς
721 2694 905 2775 οἴσομεν.
954 2695 1018 2754 Aut
1041 2697 1213 2776 α’νοίσομευ
1238 2693 1369 2758 scriben-

240 2810 312 2875 dum
336 2830 403 2872 cum
426 2806 584 2891 Kriigero‚
607 2812 676 2883 aut,
705 2804 786 2889 quod
810 2805 901 2869 etiam
921 2805 1020 2869 lenius
1040 2813 1098 2885 cst,
1122 2829 1239 2871 mecum
1264 2814 1370 2876 ἔσοι’-
1443 2867 1447 2874 .

243 2951 378 3009 σομεν.
425 2921 472 2986 (if.
497 2919 526 2981 V
551 2921 593 2985 38
614 2921 630 3004 d
654 2920 672 2983 5
698 2926 729 2981 θλ
753 2918 876 2981 Passov.
901 2918 920 2981 i.
940 2940 972 2982 [-
992 2917 1050 2982 sub
1073 2921 1116 3003 4).

287 3040 321 3103 P.
347 3041 387 3104 87
412 3035 449 3100 ad
473 3039 515 3102 64
539 3037 553 3118 §
577 3036 608 3099 5.
654 3031 773 3096 Certior
803 3040 884 3096 essct
915 3033 988 3097 haec
1010 3033 1199 3111 coniectura,
1228 3034 1255 3097 si
1278 3035 1368 3098 vellis

243 3152 444 3217 Athenienses
467 3145 633 3214 munivisse
657 3155 755 3211 cestra
778 3154 940 3213 constaret.
985 3146 1064 3211 Vide
1088 3171 1112 3211 ο.
1139 3149 1180 3214 55
1206 3156 1280 3213 extr.
1310 3143 1368 3215 αα·

242 3270 472 3343 τεσκευάζοντο
492 3270 528 3329 τὸ
548 3264 779 3346 στρατόπεδον,
798 3261 909 3346 quibus
926 3262 1025 3327 verbis
1049 3283 1084 3326 es
1101 3285 1148 3326 res
1163 3281 1229 3328 non
1245 3263 1369 3332 diserte

243 3379 444 3464 significatur.
491 3376 537 3440 Of.
570 3378 610 3441 75
644 3379 658 3458 §
692 3379 721 3440 2.
769 3375 870 3454 Quare
900 3378 965 3440 fieri
996 3378 1093 3462 possit
1125 3386 1161 3442 ut
1183 3377 1285 3443 verius
1307 3377 1366 3444 sit:

243 3501 295 3562 ἐπὶ
320 3501 355 3561 τὸ
382 3493 676 3577 στρατόπεδον
702 3491 932 3559 ἐλθεῖν-τὸ
956 3494 1247 3574 στρατόπεδον
1272 3520 1368 3578 προσ-

241 3609 406 3696 βαλόντας
442 3606 500 3691 [τῷ
525 3607 749 3690 σταυρώματι]
775 3611 926 3688 αἱρήσειν.
975 3605 1055 3670 Utut
1078 3613 1142 3684 est,
1167 3606 1368 3670 Accusativns

242 3722 341 3806 aptior
372 3743 463 3805 quam
486 3718 635 3797 Detivus,
659 3719 731 3803 quie
755 3717 900 3783 inverbo'
924 3725 1037 3805 αἱρεῖν,
1062 3742 1124 3785 non
1148 3721 1179 3786 in
1204 3723 1367 3809 προσβάλ-

242 3838 324 3916 λειν,
350 3843 396 3899 est
420 3834 579 3920 praecipua
603 3833 649 3896 vis
674 3833 857 3899 sententiae.

286 3949 357 4034 Cap.
382 3952 423 4015 66
448 3951 512 4034 dd.
536 3959 647 4034 παρά
672 3979 705 4016 τε
730 3955 892 4026 τοιςεναῡς
913 3954 1083 4034 σταύρωμα
1107 3954 1245 4036 ἔπηξαν.
1272 3949 1367 4014 Vide·

242 4063 284 4126 sis
303 4067 345 4128 74
364 4066 422 4147 §Pu
449 4069 618 4148 crudescunt
644 4070 739 4147 περὶ
767 4069 803 4130 τὸ
823 4065 1041 4147 στρατόπεδον
1062 4073 1272 4151 ποιησάμενοι
1293 4072 1363 4132 ιιτὲ.

285 4177 319 4241 Ρ,
347 4181 389 4244 88
413 4178 451 4243 ad
476 4181 517 4242 72
542 4181 559 4260 d
583 4180 613 4242 3.
638 4181 699 4264 ἔφη
723 4177 872 4270 expunxit
895 4177 955 4241 iam
979 4177 1107 4262 Krr'iger.
1277 4251 1281 4262 ,

286 4296 362 4380 Cap.
386 4298 428 4362 68
453 4297 470 4377 d
496 4298 524 4359 1.
573 4293 633 4357 Pro
659 4299 981 4362 ὑποπτεύεσθαι
1006 4292 1175 4378 syntectiee
1203 4292 1261 4356 loci
1284 4293 1366 4357 ratio

238 4410 389 4496 postulat:
413 4415 606 4478 ὑ-ποπτεύ
614 4438 677 4476 ειν
702 4420 723 4494 η’
730 4419 807 4494 μᾶς
828 4408 1017 4494 (obiectum).
1042 4408 1101 4472 Sed
1118 4407 1186 4472 vide
1202 4409 1304 4498 potius
1324 4431 1366 4474 en

238 4545 292 4587 sua
314 4524 362 4587 his
384 4523 588 4588 immiscuerit
607 4522 812 4608 magistellus,
837 4522 893 4588 nh.
911 4529 1014 4588 eutem
1030 4522 1203 4606 scripserit:
1230 4530 1285 4589 nul
1303 4531 1364 4591 νῦν
