3166 5230
757 475 820 540 155

223 665 261 728 οὐ
289 661 432 740 δίκαιον,
462 651 547 746 ᾧπερ
574 669 629 728 καί
653 672 734 746 ἡμᾶς
758 666 884 746 ἠξιοῦτε
910 665 994 749 λόγῳ
1022 669 1165 743 πείθειν,
1195 672 1239 748 τῷ
1264 670 1352 752 αὐτῷ

222 778 448 850 οἰπιστεῐν,
475 772 543 841 οὐδ’
566 780 617 841 ὃτι
642 779 776 860 δυνάμει
803 782 929 860 μείζονι
954 785 1033 863 πρὸς
1058 787 1117 861 την
1142 780 1244 846 τῶνδε
1262 783 1353 866 ἰσχύν

223 893 397 971 πάρεσμεν,
427 887 698 974 [ὑποπτεύεσθαι]
724 891 807 956 πολύ
834 892 868 956 δὲ
893 891 1019 974 μᾶλλον
1038 892 1142 958 τοῖσδε
1163 891 1354 976 [ciaconio]

224 999 272 1062 Ad
297 1003 403 1068 τοῖσδε
428 1001 547 1084 cogite:
573 1005 701 1072 δίκαιόν
729 1010 816 1072 ἐστιν
841 1010 1001 1073 οίπιστεῖν.

268 1113 315 1179 Ib.
348 1123 518 1200 suspectum
552 1125 752 1201 παρουσίας,
782 1118 813 1182 in
838 1140 898 1202 quo
921 1119 996 1203 quid
1020 1119 1115 1182 lateat
1140 1142 1201 1182 non
1224 1125 1349 1204 exputo.

223 1228 283 1293 Sed
306 1229 351 1292 sic
375 1230 466 1294 scribi
493 1231 627 1314 potuisse
647 1253 702 1314 pro
727 1240 890 1319 παρούσης
915 1235 1079 1317 δυνάμεως
1104 1255 1211 1317 parum
1228 1234 1352 1298 videtur

223 1343 387 1428 probabile.
434 1343 477 1409 Ol.
506 1344 572 1408 loco
595 1344 659 1408 VII
682 1348 723 1411 28
748 1347 801 1430 §3
827 1347 1053 1430 (Συρακούσας
1072 1386 1112 1396 --
1131 1351 1229 1418 πόλιν
1255 1353 1350 1419 οὐδέν

223 1459 344 1524 ἐλάσσω
368 1462 471 1539 αὐτην
500 1487 534 1539 γε
560 1459 638 1524 καθ’
665 1466 767 1542 αὐτὴν
793 1471 848 1542 τῆς
873 1459 1090 1547 Ἀθηναίων)
1114 1463 1259 1548 suspicari
1283 1485 1352 1547 pos·

221 1572 278 1651 sis,
303 1579 482 1657 παρουσίας
505 1594 664 1657 perversae
687 1573 934 1657 interpretationi
956 1575 1063 1640 debere
1087 1578 1249 1660 originem.

267 1685 302 1750 P.
329 1689 370 1753 88
394 1708 437 1771 sq.
464 1687 502 1750 ad
531 1689 572 1752 79
596 1690 613 1772 d
638 1693 666 1753 1.
715 1688 806 1753 Locis
830 1690 932 1753 allatis
955 1688 1105 1755 addantur
1124 1691 1174 1756 hi:
1200 1694 1353 1777 veti,

223 1801 274 1866 Vl
300 1805 340 1866 72
365 1803 382 1885 d
407 1805 444 1879 2,
469 1802 699 1887 Vitatur.

268 1915 302 1980 P.
328 1917 370 1983 89
398 1916 437 1980 ad
462 1919 504 1983 88
528 1920 544 2002 d
569 1921 598 1980 7.
645 1917 786 1981 Everbo
813 1918 983 2003 composito
1001 1923 1249 2004 περιαγγέλλειν
1272 1943 1355 1986 more

224 2030 321 2094 nostri
350 2031 450 2115 cogita
478 2031 601 2094 verbum
635 2031 763 2116 simplex
787 2032 824 2094 ad
848 2031 993 2096 vocabula
1024 2039 1055 2111 ἐς
1088 2042 1147 2117 τὴν
1172 2037 1351 2117 Ἕγεσταν.

223 2143 302 2208 Vide
326 2167 354 2210 v.
372 2167 397 2210 c.
424 2144 469 2208 IV
495 2148 535 2211 76
560 2147 576 2228 8
601 2147 631 2212 3.

268 2259 302 2325 P.
329 2261 371 2326 90
396 2259 434 2322 ad
458 2261 498 2324 91
524 2266 600 2325 extr.
646 2259 794 2323 Mendosa
826 2283 945 2346 quoque
977 2260 1122 2326 videntur
1153 2261 1244 2326 verba
1267 2283 1354 2345 prae-

221 2395 342 2456 gressa:
374 2378 433 2439 ὃσα
465 2379 528 2440 dud
557 2383 614 2456 γῆς
639 2383 693 2439 καὶ
718 2376 1007 2460 δικαστηρίων
1038 2388 1096 2443 νῦν
1124 2377 1351 2458 ὠφελοῦνται,

222 2487 274 2552 ubi
299 2471 514 2575 δικαστηρίῖον
539 2489 604 2552 iure
631 2489 663 2550 in
688 2488 890 2572 suspicionem
914 2489 1034 2554 vocavit
1059 2490 1191 2574 Kruger.
1231 2488 1355 2575 Quippe

219 2603 258 2667 de
281 2603 408 2670 iustitio
432 2603 558 2686 cogitari
588 2625 657 2666 cum
681 2603 859 2683 scholiasta,
884 2625 973 2687 quem
1002 2603 1108 2669 Bdckh
1136 2605 1257 2668 secutus
1282 2610 1346 2684 est,

217 2724 303 2782 vetat
334 2740 402 2781 cum
429 2716 643 2801 probabilitate
666 2717 801 2782 historia.
847 2717 975 2802 Cogita,
1004 2719 1113 2798 velim,
1138 2741 1163 2784 e.
1177 2742 1205 2804 g.
1231 2741 1353 2784 causam

218 2840 389 2919 praetorum
413 2833 466 2916 qui
491 2841 668 2919 pugnarunt
687 2832 726 2895 ad
746 2833 923 2916 Arginusas.
956 2833 1073 2898 Litium
1094 2857 1255 2899 numerum
1276 2842 1350 2919 post

219 2947 372 3012 munitam
397 2947 556 3011 Deceleam
580 2947 746 3011 decrevisse
771 2948 837 3012 iure
860 2949 988 3013 forsitan
1006 2955 1135 3014 statuas.
1159 2949 1275 3014 Verum
1292 2949 1351 3014 hoo

219 3063 299 3128 nihil
331 3064 369 3127 ad
402 3086 475 3127 rem.
521 3063 606 3128 Dicit
636 3064 719 3127 enim
744 3064 799 3128 Th.
829 3070 902 3132 ὅσα
926 3103 970 3113 -
994 3067 1209 3148 ὠφελοῦνται.
1258 3063 1350 3143 Quod

219 3187 324 3243 tamen
357 3178 497 3261 Kriigero
520 3179 621 3262 placet
645 3184 879 3265 ἐργαστηρίων,
907 3179 983 3243 mihi
1007 3187 1163 3264 propterea
1188 3180 1346 3264 displicet,

218 3291 303 3376 quod
338 3291 434 3355 maior
463 3301 543 3356 certe
573 3293 682 3356 horum
711 3271 858 3357 numerus·
884 3302 949 3357 erat
979 3295 1010 3357 in
1035 3293 1109 3357 urbe
1140 3315 1231 3378 quam
1260 3303 1347 3358 extra

217 3405 346 3471 moenia.
395 3406 456 3470 Diu
482 3406 645 3471 meditanti
668 3407 745 3472 nihil
770 3409 873 3492 aptius
898 3408 973 3471 mihi
995 3409 1145 3472 succurrit
1167 3430 1257 3492 quam
1281 3412 1346 3476 οίπὸ

216 3531 275 3604 γῆς
309 3527 364 3588 καί
400 3523 470 3589 διὰ
506 3528 684 3607 κτηνῶν.
740 3521 815 3585 Tam
850 3522 1021 3606 corruptela
1051 3544 1143 3607 quam
1175 3521 1351 3588 emendatio

221 3633 393 3696 confirmari
417 3633 491 3697 mihi
516 3634 638 3700 videtur
660 3633 747 3714 loco,
773 3658 835 3720 quo
858 3636 909 3700 hic
924 3637 1007 3701 locus
1025 3637 1147 3726 egregie
1163 3637 1344 3701 illustratur.

222 3746 338 3831 Agitur
359 3747 403 3812 ibi
427 3748 526 3812 fusius
550 3749 586 3812 de
610 3749 819 3824 detrimentis,
844 3773 919 3835 quae
944 3773 960 3814 e
986 3750 1104 3815 munita
1122 3751 1250 3814 Decelea
1266 3749 1347 3835 cepit

225 3861 297 3926 urbs
328 3863 582 3927 Atheniensium:
613 3863 666 3926 sed
697 3865 790 3928 altum
819 3864 863 3928 ibi
890 3871 937 3928 est
965 3864 1002 3928 de
1029 3864 1151 3929 iudiciis
1175 3864 1344 3944 silentium,

224 3976 297 4040 dum
329 3984 434 4042 contra
463 3987 534 4063 post
564 3979 749 4042 mentionem
781 3979 818 4042 de
842 4001 986 4063 agrorum
1008 3979 1126 4059 fructu,
1150 4003 1227 4064 quae
1251 3977 1348 4044 conti-

224 4098 318 4155 netur
349 4091 448 4156 verbis
479 4105 534 4176 τῆς
572 4100 676 4180 χώρας
708 4099 835 4180 ἁπάσης
867 4094 1043 4180 (καρπίμου
1075 4071 1187 4177 Scholl
1220 4093 1347 4177 aliisque

224 4226 301 4289 quae
331 4205 379 4269 his
410 4206 610 4291 praecedunt,
639 4206 731 4270 etde
755 4207 972 4290 mancipiorum
1001 4207 1075 4290 fuga
1098 4215 1137 4274 τὰ
1162 4218 1262 4293 κτηνη
1286 4228 1349 4270 me-

225 4327 382 4384 morantur
413 4321 495 4385 hisce
527 4322 626 4386 verbis
660 4322 736 4405 (VII
761 4326 802 4387 nt
827 4325 844 4405 d
868 4325 917 4399 4);
950 4327 1147 4410 πρόβατα
1179 4351 1212 4389 τε
1238 4330 1348 4390 πάντα

222 4437 388 4503 ἀπολώλει
413 4443 469 4502 καί
492 4434 717 4518 ὑποζύγια·
743 4443 868 4504 ἵπποι
893 4465 927 4503 τε
953 4476 994 4485 -
1018 4442 1261 4521 ἐτιτρώσκοντο.

268 4548 305 4613 P.
330 4552 372 4614 90
395 4549 434 4614 ad
458 4551 500 4615 93
524 4553 542 4633 8
566 4555 597 4617 2.
643 4552 770 4616 Diversa
793 4559 896 4616 tamen
919 4553 1078 4638 utriusque
1101 4551 1158 4616 loci
1181 4552 1267 4618 ratio.
