3190 5232
723 491 763 559 25

183 713 253 757 mox
275 687 409 755 insiticia
433 690 506 751 sunt
530 683 675 750 vocabula
699 691 764 753 τῶν
789 691 956 772 χρημάτων
982 693 1038 768 τῆς
1062 688 1220 774 προσόδου
1236 693 1303 776 post

183 806 291 871 verba:
317 807 418 885 λέγων
444 810 502 886 τὴν
529 804 618 889 ἰσχύν
644 803 753 878 αὐτοῖς
778 804 843 867 οἰπὸ
866 805 987 869 τούτων
1013 799 1145 870 adreel

227 921 302 1005 (lap.
328 920 368 985 15
393 920 410 1001 d
436 919 467 982 3.
502 923 542 984 τοὶ
566 922 625 1000 γὰρ
652 921 719 1002 ἱεροὶ
742 921 776 982 ἐν
799 921 880 1001 αὐτῇ
903 925 943 1000 τῇ
964 918 1137 1003 ἀκροπόλει
1162 926 1217 986 καὶ
1244 924 1303 989 ἄλ·

184 1042 247 1106 λοον
272 1042 359 1103 θεῶν
389 1041 468 1110 ἐστι,
496 1039 551 1098 καὶ
574 1039 615 1098 ’τὰ
643 1035 704 1110 ἕξω
727 1037 806 1116 πρὸς
830 1042 923 1099 τοῦτο
944 1040 979 1100 τὸ
1000 1036 1092 1120 μέρος
1111 1044 1166 1118 τῆς
1183 1039 1302 1115 πόλεως

182 1155 305 1239 μᾶλλον
334 1152 475 1236 ἵδρυται.
526 1147 600 1211 P'ost
634 1146 725 1211 verba
750 1155 804 1214 καὶ
829 1149 938 1217 ἄλλων
963 1154 1050 1216 θεῶν
1075 1148 1197 1215 Classen
1222 1151 1303 1216 inse-

182 1268 263 1332 ruit:
291 1272 345 1335 ναὶ
369 1275 408 1334 τὰ
432 1274 488 1349 τῆς
512 1269 677 1351 Ἀθηνᾶς.
700 1263 831 1341 Malim,
858 1269 893 1326 nt
917 1263 1035 1348 opinor,
1058 1267 1173 1330 auctori
1197 1274 1302 1332 nostro

183 1383 371 1450 consulueris
406 1380 576 1445 inserendis
607 1379 725 1446 duobus
755 1385 876 1444 tantum
906 1381 1058 1445 vocabulis
1083 1391 1153 1450 nort
1183 1381 1304 1472 Ἀθη·

183 1505 326 1578 ναίας,
353 1521 411 1584 qua
435 1497 565 1561 nominis
588 1497 684 1561 forma
710 1495 916 1581 Thucydidem
941 1497 1048 1584 quippe
1072 1499 1199 1564 Euclide
1224 1501 1303 1565 anti-

182 1617 316 1702 quiorem
340 1637 431 1680 usum
455 1635 520 1678 esse
544 1611 699 1698 probabile
722 1611 863 1676 arbitror.
897 1611 978 1677 Nam
1002 1614 1083 1698 apud
1108 1614 1172 1678 eius
1195 1637 1302 1699 aequa-

181 1731 241 1796 lem
266 1731 518 1814 Aristophanem,
543 1727 625 1812 apud
648 1750 736 1813 quem
761 1734 859 1791 metro
883 1734 952 1792 tuta
969 1734 1050 1807 erat,
1076 1735 1251 1794 constanter
1270 1753 1303 1794 ea

181 1847 277 1910 forma
309 1848 440 1931 apparet.
477 1842 524 1908 Of.
556 1843 624 1907 Pac.
660 1845 742 1919 270;
774 1843 832 1927 sq.
867 1845 946 1920 760,
977 1846 1034 1907 Av.
1061 1845 1125 1910 829
1150 1845 1302 1910 et1652.

181 1960 272 2024 Hanc
306 1959 404 2044 igitur
439 1958 596 2023 restituam
621 1956 667 2021 IV
692 1961 755 2024 116
780 1957 878 2036 med,
902 1957 955 2022 ubi
978 1957 1067 2022 hodie
1092 1957 1208 2022 editur:
1237 1963 1302 2026 ἐστι

183 2083 243 2162 γὰρ
272 2082 306 2144 ἐν
327 2085 366 2162 τῇ
382 2082 527 2161 Ληκνθῳ
548 2073 740 2160 Ἀθηνᾶς
761 2079 854 2161 ἱερόν.

227 2190 300 2275 (lap.
325 2193 366 2254 16
392 2191 408 2272 δ
434 2194 461 2255 1.
489 2195 711 2276 πανοικησίᾳ
738 2195 962 2275 γενόμενοί
977 2220 1012 2258 τε
1034 2197 1088 2258 καὶ
1105 2198 1302 2273 οἰκήσαντες.

186 2305 330 2389 Suspicor
342 2333 485 2390 πανοικη
496 2329 513 2368 o
523 2308 561 2387 ίᾳ
586 2303 615 2385 (ὅ
626 2333 635 2368 ι
646 2307 723 2384 alys
735 2332 751 2371 ν
762 2309 830 2387 όμε
842 2330 885 2370 νο
896 2334 905 2369 ι
922 2303 943 2368 i.
962 2325 986 2367 e.
998 2303 1181 2390 6696111888.
1198 2311 1302 2369 trans·

183 2423 305 2508 ipcates
329 2420 444 2486 uitam.
468 2418 596 2502 Reliqua
619 2418 678 2481 tria
702 2417 845 2483 vocabula
869 2417 980 2481 omissa
1006 2440 1067 2482 non
1092 2417 1301 2484 desiderarem.

228 2536 304 2621 (lap.
329 2538 370 2601 18
396 2536 413 2617 d
438 2537 468 2598 2.
494 2538 606 2600 αἰτίαν
631 2530 661 2600 τ’
686 2536 742 2601 οὐκ
768 2534 941 2620 ἐλαχίστην
964 2531 1167 2619 Ἀρχίδαμος
1184 2535 1302 2621 ἔλαβεν

182 2652 238 2718 ἀπ’
263 2652 381 2722 αὐτοῦ,
417 2651 521 2715 δοκῶν
554 2653 608 2712 καὶ
634 2653 676 2714 ἐν
706 2655 752 2732 τῇ
776 2649 1003 2733 ξυναγωγῇ
1026 2657 1094 2716 τοῦ
1119 2649 1303 2733 πολέμου

181 2765 326 2849 μαλακὸς
350 2760 435 2830 εἶναι
459 2768 513 2828 καὶ
541 2771 608 2837 τοῖς
632 2761 834 2846 Ἀθηναίοις
860 2763 1050 2843 ἐπιτήδειος,
1078 2763 1114 2828 οὐ
1131 2768 1302 2846 παραινῶν

182 2888 355 2965 προθύμως
376 2880 541 2962 πολεμεῖν.
564 2875 656 2940 Hunc
680 2876 779 2940 locum
802 2875 855 2938 alii
879 2873 922 2937 sic
943 2875 1195 2958 interpretantur,
1216 2876 1303 2959 quasi

182 2994 302 3077 legatur
337 2999 371 3059 ἐν
405 3003 444 3078 τῇ
481 3002 668 3077 παρασκευῇ
691 3001 746 3058 τοῦ
770 2990 930 3072 πολέμου,
955 2988 1022 3065 alii,
1048 2989 1133 3072 quasi
1157 2988 1302 3073 scripturn

182 3109 223 3172 sit
258 3115 292 3176 ἐν
327 3118 366 3192 τῇ
397 3107 586 3192 παραινέσει
620 3115 676 3172 τοῦ
705 3105 856 3187 πολέμου.
903 3101 986 3180 Quid
1010 3102 1050 3165 sit
1073 3102 1197 3167 Graecis
1229 3106 1303 3181 ξον-

181 3232 274 3304 άγειν
306 3227 362 3288 τὸν
401 3221 540 3302 πόλεμον
575 3219 681 3283 docere
711 3224 812 3302 potest
843 3239 870 3281 v.
901 3239 926 3280 c.
957 3217 1042 3281 locus
1074 3217 1244 3281 Isocratens
1266 3217 1298 3281 in

182 3334 369 3420 Panegyrico
394 3336 411 3417 d
437 3336 490 3400 84:
510 3332 598 3417 οἶμαι
626 3336 659 3400 δὲ
686 3340 740 3400 καὶ
767 3338 822 3400 τὸν
849 3334 987 3416 πόλεμον
1010 3339 1097 3400 θεῶν
1115 3339 1191 3399 τινὰ
1204 3356 1301 3398 συνα-

183 3461 296 3532 γαγιῖν
322 3457 387 3517 art.
422 3449 443 3516 i.
470 3471 496 3512 e.
521 3449 692 3534 constasse,
722 3446 879 3513 accitasse
903 3447 1032 3511 bellam.
1079 3445 1138 3510 Sed
1161 3446 1303 3512 incitare

183 3567 227 3633 od
263 3564 384 3630 hellam
407 3585 430 3626 s.
457 3561 578 3628 bellum
601 3552 741 3628 incudere
764 3584 787 3624 s.
813 3559 882 3628 eiras
907 3568 1073 3628 erectorem
1098 3580 1162 3627 esse
1189 3560 1302 3624 Graece

183 3684 285 3743 sonat:
314 3681 449 3764 ἐξορμᾶν
476 3684 529 3745 ἐπὶ
549 3684 585 3744 τὸ
606 3677 757 3760 πολεμεῖν
775 3698 799 3741 s
823 3683 1023 3763 εἰσηγεῖσθαι
1042 3678 1193 3760 πόλεμον.
1217 3675 1304 3739 Prio-

182 3818 243 3860 rem
273 3817 340 3858 vero
372 3793 656 3877 interpretationem
689 3793 737 3856 vel
768 3793 900 3876 peiorem
923 3814 988 3856 esse
1012 3814 1073 3856 non
1098 3814 1174 3876 opus
1198 3799 1245 3854 est
1269 3797 1303 3854 ut

183 3909 290 3974 dicam.
337 3908 404 3972 Nee
426 3915 527 3972 tamen
545 3919 670 3992 propter
687 3907 777 3972 verba
798 3914 835 3977 οὐ
857 3915 1028 3995 παραινῶν
1054 3914 1229 3994 προθύμως
1245 3936 1302 3975 πο-

183 4026 288 4110 λεμεῖν
325 4022 485 4088 obscurum
508 4030 563 4099 est,
599 4022 654 4086 Th.
679 4023 887 4109 respicientem
912 4022 950 4086 ad
974 4045 1006 4086 ea
1029 4044 1105 4107 quae
1128 4021 1262 4087 narravit
1285 4022 1302 4084 Ι

184 4140 225 4204 80
242 4139 300 4202 hoo
324 4137 439 4200 dicere:
466 4137 524 4200 iam
550 4144 638 4202 antea
655 4136 875 4201 Archedemum
891 4137 923 4200 in
941 4143 1094 4201 conventu
1111 4137 1234 4220 Spartae
1251 4136 1301 4199 ha-

183 4253 250 4316 bito
278 4252 315 4315 ad
349 4250 577 4316 deliberandum
610 4250 647 4315 de
682 4251 762 4315 bello
787 4251 925 4335 ignaviae
949 4251 1059 4317 famam
1082 4259 1204 4316 nactum
1228 4273 1303 4314 esse.

184 4367 242 4430 Sed
263 4367 383 4431 tametsi
399 4365 489 4430 verbo
502 4369 655 4448 ξυνάγειν
670 4389 757 4452 saepe
769 4366 806 4430 de
820 4365 1035 4433 contrectandis
1051 4364 1196 4431 conciliis
1213 4371 1302 4428 utun-

183 4487 234 4545 tur
257 4481 397 4544 historici
422 4481 516 4566 (apud
540 4490 677 4547 nostrum
703 4484 739 4548 of.
764 4483 782 4546 I
807 4486 871 4549 120
896 4486 912 4566 d
938 4487 955 4548 1
979 4490 1008 4548 et
1025 4481 1060 4545 ΙΙ
1077 4484 1119 4547 60
1136 4483 1153 4562 d
1171 4482 1222 4564 1),
1240 4502 1301 4542 non

185 4600 287 4661 tamen
312 4601 505 4680 ξυναγωγὴν
526 4611 581 4666 τοῦ
606 4601 747 4682 πολέμου
771 4605 964 4665 concreatum
988 4596 1028 4664 de
1053 4597 1133 4662 bello
1154 4595 1301 4663 hobitum
