3190 5232
800 506 821 566 4

293 687 366 776 Cap.
391 693 410 756 6
432 692 449 773 δ
471 691 501 756 5.
525 701 560 756 τό
586 693 619 758 δέ
645 691 746 758 πάλαι
771 729 813 738 -
830 693 1022 776 διαζῶματα
1046 695 1175 778 ἔχοντες
1200 699 1293 779 περὶ
1322 703 1369 759 τά

250 809 384 873 αἰδοῖα
404 811 616 890 ἠγωνίζοντο.
640 803 739 868 Verba
756 811 827 892 περί
852 813 893 872 τά
918 808 1041 886 αἰδοῖα,
1066 825 1143 889 quae
1160 805 1286 870 delenda
1302 827 1373 870 cen-

247 926 295 984 set
318 918 429 998 Cobet,
461 917 595 984 Lucieno
629 920 802 1005 antiquiora
834 941 897 983 esse
929 927 1055 1003 apparet
1083 942 1120 984 ex
1151 919 1370 985 Alexandros.

248 1033 409 1098 Pseudom.
435 1034 451 1116 δ
477 1034 538 1098 13:
566 1037 711 1121 διάζωμα
736 1037 770 1101 δέ
796 1041 868 1122 περὶ
893 1039 928 1099 τό
946 1036 1080 1101 ἀἰδοῖον
1106 1039 1187 1122 έχων
1213 1044 1372 1122 κατάχρυ-

247 1175 316 1218 σον.
364 1148 434 1213 Nisi
458 1149 537 1213 forte
560 1157 666 1233 putas,
687 1148 767 1235 apud
790 1147 960 1213 Lucienum
982 1170 1100 1234 quoque
1125 1148 1214 1213 verba
1238 1157 1310 1232 περὶ
1334 1155 1370 1217 τό

247 1267 373 1332 αι’δοῖον
392 1262 491 1327 aliena
509 1286 600 1328 manu
616 1264 768 1349 adscripta
784 1286 859 1328 esse.
886 1262 981 1327 Recte
998 1285 1067 1326 mox
1085 1262 1197 1328 Reiske
1213 1265 1368 1349 reposuit:

247 1386 301 1446 καὶ
325 1381 361 1445 or)
385 1381 491 1446 πολλά
516 1382 572 1466 ἔτη
594 1382 703 1463 ἐπειδὴ
726 1383 915 1447 πέπαυνται
937 1400 991 1462 pro
1012 1381 1192 1446 πέπαυται.
1221 1377 1266 1443 Cf.
1284 1377 1369 1442 Plut.

246 1491 364 1557 deser.
389 1515 472 1557 num.
509 1493 590 1558 vind.
617 1495 634 1576 6
660 1496 720 1558 12:
754 1499 809 1560 καί
835 1506 898 1578 μὴν
931 1496 967 1560 οὐ
995 1495 1095 1570 πολός
1123 1500 1235 1581 χρόνος
1258 1495 1312 1578 ἀφ’
1335 1491 1372 1561 od

245 1614 367 1695 Λοκροί
392 1610 639 1676 πέπαυνται
666 1611 848 1693 πέμποντες
874 1616 917 1686 εἷς
939 1613 1061 1697 Τροίαν
1087 1616 1143 1686 τάς
1168 1611 1366 1697 παρθένους.

289 1721 405 1807 †Cap.
431 1726 448 1786 7
474 1731 549 1786 extr.
575 1726 725 1809 ἔφερον
750 1737 811 1808 γάρ
837 1725 997 1807 ἀλλήλους
1026 1750 1059 1790 τε
1085 1728 1139 1789 καί
1170 1730 1235 1791 τῶν
1259 1724 1368 1792 ἄλλων

244 1841 312 1905 ὅσοι
339 1842 430 1914 ὄντες
453 1840 490 1903 οό
516 1839 690 1904 θαλάσσιοι
716 1845 803 1904 κάτω
825 1844 942 1924 ᾤκουν.
988 1837 1098 1922 Neque
1120 1837 1238 1902 nudum
1261 1841 1369 1924 φέρειν

216 2021 218 2027 Α
245 1951 274 2017 h.
299 1951 321 2016 l.
344 1950 508 2035 quidquam
533 1957 636 2035 potest
659 1950 847 2034 significare,
867 1972 966 2035 neque
989 1952 1129 2035 frequens
1153 1952 1232 2038 apud
1254 1958 1370 2016 ceteros

245 2065 374 2130 formula
390 2074 484 2149 ἄγειν
507 2072 562 2131 καί
587 2069 695 2150 φέρειν
722 2088 745 2128 a.
763 2067 872 2151 φέρειν
898 2072 952 2131 καί
976 2073 1070 2149 ἄγειν
1095 2087 1149 2150 pro
1174 2069 1368 2152 διαρπάζειν

244 2180 437 2266 Thucydideo
461 2187 515 2243 est.
565 2179 767 2244 Scribendum
792 2178 921 2243 arbitror
944 2185 1154 2268 ἔφθειρον
1180 2188 1244 2248 κτὲ.
1281 2179 1327 2243 Of.
1352 2178 1370 2242 I

244 2294 764 2378 24‚30‚11185extr.,92§2‚
784 2293 1333 2380 1V61§1‚66§10rpassin.†

288 2409 403 2496 †Cap.
429 2414 448 2477 8
472 2412 488 2496 6
514 2415 544 2476 2.
583 2412 814 2496 πλουσιώτεροι
840 2416 1002 2479 ἑαυτῶν
1026 2417 1222 2495 γιγνόμενοι.
1268 2409 1365 2495 Lege:

243 2531 365 2595 αὐτοὶ
393 2533 569 2594 ἑαυτῶν.
619 2523 1320 2610 Of.11111§1,VI72‚VII660xtr.
1348 2534 1368 2602 †

287 2639 361 2727 Cap.
384 2644 402 2704 9
428 2644 441 2724 6
466 2644 497 2705 2.
524 2651 699 2727 τυγχάνειν
724 2642 758 2707 δέ
783 2647 913 2709 αὐτόν
945 2641 996 2724 (sc.
1026 2641 1168 2729 Ἀτρέα)
1203 2650 1365 2726 φεύγοντα

241 2763 298 2824 τόν
323 2758 449 2842 πατέρα
474 2757 528 2821 διὰ
553 2761 607 2822 τὸν
634 2759 832 2839 Χρυσίππου
862 2763 1007 2824 θάνατον
1030 2763 1083 2823 καί
1101 2761 1143 2832 ῶς
1167 2758 1275 2824 οὐκέτι
1296 2761 1367 2824 σίνε-

243 2877 383 2959 ηῶρησεν
406 2874 605 2955 Εὐρυσθεύς,
631 2870 838 2956 βουλομένων
872 2875 926 2936 καί
954 2881 1020 2955 τῶν
1044 2876 1248 2957 Μυκηναίων
1275 2877 1365 2958 φόβῳ

242 2995 307 3053 τῶν
333 2984 561 3069 Ἡρακλειδῶν
597 2989 651 3049 καί
681 2987 747 3068 ἅμα
783 2986 925 3052 δυνατὸν
955 2985 1113 3051 δοκοῦντα
1139 2983 1222 3052 εἶναι
1248 2992 1302 3051 καί
1328 2991 1363 3052 τό

242 3101 368 3184 πλῆθος
392 3105 666 3185 τεθεραπευκότα,
693 3105 757 3166 τῶν
784 3103 992 3183 Μυκηναίων
1021 3127 1053 3166 τε
1079 3105 1133 3165 καί
1155 3104 1237 3167 όσων
1261 3103 1366 3185 Εὐρυ-

241 3219 338 3292 σθεός
361 3213 436 3301 ἦρχε
460 3221 518 3297 τὴν
545 3215 713 3300 βασιλείαν
738 3211 894 3300 [Ἀτρέα]
920 3215 1124 3301 παραλαβεῖν
1147 3221 1214 3281 κτὲ.
1241 3213 1364 3277 Nomen

240 3328 415 3414 proprium,
446 3325 577 3390 otiosum
613 3334 682 3411 post
717 3349 925 3412 praegressum
955 3331 1068 3407 αὐτόν,
1106 3327 1284 3412 magistellis
1309 3327 1362 3391 tri-

242 3442 333 3506 buere
361 3440 464 3506 malim
496 3464 587 3526 quam
619 3440 798 3528 Thucydidi.
846 3441 892 3508 Ib.
922 3443 939 3525 ό
965 3443 984 3506 3
1008 3447 1161 3526 φαίνεται
1188 3449 1248 3528 γάρ
1273 3447 1363 3526 (Aga-

241 3561 393 3642 memnon)
420 3562 516 3625 ναυσί
540 3585 574 3625 τε
599 3558 766 3634 πλείσταις
798 3561 895 3635 αὐτὸς
922 3561 1116 3643 ἀφικόμενος
1141 3566 1195 3625 καὶ
1222 3557 1362 3643 Ἀρκάσι

240 3680 563 3760 προσπαρασχῶν,
588 3677 630 3749 ῶς
651 3672 791 3758 Ὅμηρος
816 3685 910 3741 τοῦτο
928 3674 1107 3756 δεδήλωκεν
1134 3680 1200 3738 κτὲ.
1248 3671 1363 3735 Narrat

239 3786 337 3872 igitur
360 3794 467 3852 auctor
490 3789 751 3872 Agamemnonem
775 3787 947 3852 Arcadibus
970 3793 1105 3874 praeter
1131 3805 1253 3864 ιυουοο,
1279 3805 1363 3874 quar

241 3899 416 3981 haberent,
445 3902 532 3968 alias
551 3901 753 3989 praebuisse.
802 3901 871 3966 Hoc
902 3902 1002 3978 enim,
1031 3900 1090 3965 nisi
1113 3899 1218 3976 fallor,
1246 3898 1362 3964 Graece

238 4023 285 4080 est
308 4021 558 4104 προσπαρέηιιι.
608 4020 650 4079 At
675 4016 820 4080 discimus
843 4039 880 4080 ex
903 4016 1066 4080 Homerico
1090 4017 1156 4079 loco
1179 4014 1218 4080 Il.
1240 4015 1262 4076 B
1285 4014 1359 4094 567,

238 4152 297 4216 quo
321 4129 377 4194 Th.
402 4130 544 4213 respicit,
580 4130 696 4195 nullam
727 4130 800 4215 ipsis
826 4129 995 4194 Arcadibus
1026 4130 1118 4194 fuisse
1141 4151 1266 4207 navem,
1291 4134 1358 4195 ἐπεί

239 4250 275 4313 od
310 4270 365 4330 σφι
398 4246 561 4313 θαλάσσια
596 4249 675 4333 ἔργα
710 4247 872 4331 μεμηλειν.
919 4243 1020 4325 Quare
1044 4243 1181 4308 diremtis
1206 4241 1360 4307 vocabulis

238 4360 420 4446 scripserim:
445 4367 546 4445 πρός
571 4361 606 4443 (i.
633 4383 659 4425 e.
684 4363 852 4444 praeterea)
877 4366 1116 4447 παρασχών.

281 4471 354 4558 Cap:
373 4477 415 4540 10
431 4475 445 4557 δ
464 4477 493 4538 l.
518 4477 575 4542 οὐκ
599 4477 674 4573 οἰκρι
694 4484 728 4547 εἶ
747 4481 791 4544 ἄν
816 4501 865 4552 τις
889 4477 1006 4560 σημείῳ
1030 4482 1189 4561 χρώμενος
1205 4475 1359 4560 οίπιστοίη

236 4595 278 4690 μὴ
301 4591 470 4682 ἴένὲσθαι·
520 4478 988 4718 ψηφισάτω
1015 4586 1052 4651 ad
1077 4589 1216 4676 ἀκριβεῖ,
1235 4608 1294 4650 non
1320 4585 1358 4651 ad
