3190 5232
731 501 771 563 29

231 685 303 772 Cap.
333 688 374 752 37
399 691 413 771 ξ
439 691 468 752 l.
502 691 707 774 παράδειγμα
736 691 771 755 δὲ
799 691 922 774 μᾶλλον
947 692 1038 756 αὐτοὶ
1064 695 1155 768 ὄντες
1180 698 1309 778 riuti}

185 808 374 886 μιμούμενοι
396 803 575 890 ἑτέρους.
601 802 736 888 Legatui
751 808 847 870 τισίν.
873 803 1033 889 Sequitur:
1058 810 1111 870 nat
1130 810 1234 890 ὄνομα
1249 812 1307 890 μέν

188 917 242 982 διὰ
270 923 305 982 τὸ
333 925 375 1002 μὴ
408 923 439 995 ἐς
459 920 589 998 ὀλίγους
618 915 703 1001 [att'
733 923 764 995 ἐς
789 919 956 1002 πλείονας]
982 925 1082 986 οἰκεῖν
1110 921 1309 1007 δημοκρατία

187 1033 354 1118 κέκληται.
391 1033 448 1097 Tb.
483 1040 562 1097 certe
599 1032 766 1116 scripsisset
797 1034 992 1112 πλείους,
1018 1015 1066 1096 vel
1090 1033 1192 1116 potius
1217 1035 1308 1102 πολ-

188 1146 295 1221 λούς.
323 1145 439 1209 Deinde
457 1145 574 1230 pergit:
603 1152 659 1215 οὐκ
682 1150 747 1214 οἷπὸ
771 1148 922 1233 μέρους
945 1154 981 1213 τὸ
1004 1149 1117 1215 πλεῖον
1143 1148 1175 1230 (l.
1194 1151 1308 1233 πλέον)

188 1267 219 1338 ἐς
247 1269 287 1327 τὰ
311 1269 405 1330 κοινὰ
428 1295 445 1348 η
470 1263 527 1329 ἀπ’
551 1268 664 1350 οἰρετῆς
685 1273 892 1350 προτιμᾶται.
940 1261 1025 1328 Imo:
1053 1266 1118 1330 οἷπδ
1145 1268 1306 1345 γένους.

187 1375 301 1440 Eadem
333 1376 478 1442 vocabula
513 1378 627 1442 scribae
654 1377 857 1442 confuderunt
889 1400 954 1462 cap.
984 1379 1025 1443 96
1050 1400 1111 1442 uon
1137 1379 1242 1464 procul
1270 1378 1309 1443 ab

187 1491 291 1557 initio:
316 1497 425 1572 Γέτας
446 1501 499 1560 καὶ
518 1497 576 1560 ὅσα
597 1494 684 1559 ἄλλα
704 1495 806 1580 μέρη
831 1498 921 1568 ἐντὸς
947 1503 1003 1561 τοῦ
1029 1495 1163 1580 Ἴστρον
1191 1532 1233 1541 -
1255 1523 1311 1561 κα·

188 1634 323 1693 τῳκητο,
363 1607 416 1672 ubi
444 1615 523 1672 recte
546 1607 652 1692 Poppo
671 1606 801 1671 coniecit
828 1610 904 1690 γένη
931 1614 962 1670 ct
984 1606 1038 1678 ΠΙ
1063 1609 1105 1672 94
1131 1614 1227 1686 exte,
1257 1607 1310 1672 ubi

189 1721 320 1806 corrigo:
345 1727 545 1810 Ενρντᾶσιν,
562 1727 640 1808 ὅπερ
656 1725 807 1807 μέγιστον
825 1725 949 1803 γένος
966 1728 1032 1789 ἐστὶ
1049 1732 1114 1792 τῶν
1133 1724 1308 1791 Αἰτωλῶν.

233 1836 305 1921 Cap.
336 1840 377 1904 39
404 1841 418 1920 ᾗ
443 1842 473 1903 2.
498 1848 587 1923 ἡμεῖς
613 1838 643 1905 δ’
667 1841 844 1922 ἀνειμένως
868 1839 1075 1922 διαιτώμενοι
1099 1839 1194 1906 οὐδὲν
1213 1833 1310 1922 ἧσσον

188 1957 257 2018 ἐπὶ
292 1959 389 2030 τούς
415 1956 642 2031 ἰσοπαλεῖς
668 1954 901 2029 κινδύνους
931 1959 1103 2039 χωρούμεν.
1146 1950 1207 2016 Fac
1233 1959 1311 2016 recte

188 2066 250 2129 dici
275 2071 431 2136 κίνδυνον
457 2069 594 2152 ἰσοπαλῆ
616 2067 818 2154 periculum,
844 2066 880 2132 iu
904 2087 1090 2155 ονοματος
1112 2067 1311 2134 sumitates·

190 2181 290 2261 titus,
319 2181 401 2266 quod
426 2204 486 2245 uon
511 2203 590 2266 nego
611 2181 650 2246 ob
669 2182 767 2245 locum
786 2180 894 2244 Dionis
914 2179 949 2246 Ο.
971 2181 1076 2245 XLIV
1094 2182 1136 2248 30
1155 2181 1310 2245 laudatum

188 2319 204 2358 a
238 2295 395 2380 Popponc,
428 2295 627 2360 nibilominus
660 2304 706 2359 est
740 2296 772 2360 iu
799 2295 854 2359 bac
876 2295 1127 2380 interpretatione
1148 2317 1208 2379 quo
1232 2295 1263 2361 b.
1288 2297 1308 2361 1.

191 2411 299 2474 merito
325 2411 530 2488 offendamur;
556 2411 705 2496 siquidem
729 2433 834 2495 parum
851 2417 915 2474 erat
932 2411 1046 2494 gloriae
1068 2409 1311 2476 Atheniensibus

188 2525 213 2588 si
237 2525 396 2592 eiusmodi
419 2525 550 2610 pericula
574 2526 702 2590 adirent.
752 2527 977 2613 incontextas
1001 2525 1154 2607 postulat,
1175 2524 1234 2588 nisi
1258 2524 1311 2588 fal·

188 2641 243 2718 lor,
269 2640 347 2704 hanc
370 2641 570 2705 sententiam:
596 2641 669 2716 licet
693 2640 792 2706 tibere
816 2639 980 2717 νιόονηκε,
1006 2638 1112 2704 naiaco
1127 2639 1230 2706 secius
1245 2661 1308 2726 pc-

189 2778 241 2823 rca·
267 2755 411 2823 hostibus
432 2775 564 2844 patenae
588 2755 696 2822 aleam
717 2754 806 2820 inire
821 2755 975 2832 solemne,
993 2776 1082 2839 quam
1101 2755 1312 2822 nanciscemur

190 2873 432 2957 transponendo:
470 2876 565 2940 οὐδὲν
601 2865 696 2955 ἧσσον
721 2870 937 2947 ἷσοπαλεῐς
963 2875 1030 2936 ἐπὶ
1056 2877 1151 2948 τούς
1176 2874 1312 2939 κινδύ-

191 3018 287 3067 νονς
323 2996 494 3076 χωροῦμεν.
533 2985 579 3052 Cf.
612 2987 671 3050 Dio
701 2989 761 3064 38,
792 2989 834 3050 47
870 2986 1069 3068 accito,
1092 2989 1133 3051 18
1158 2989 1172 3069 ᾗ
1196 2988 1225 3052 5.
1273 2985 1312 3051 In

189 3114 324 3170 extremo
359 3104 458 3188 capite
479 3125 547 3166 cum
568 3101 706 3187 pluribus
730 3101 817 3165 codd.
843 3098 989 3164 scribam:
1014 3107 1069 3166 καὶ
1096 3107 1127 3178 ἐς
1155 3105 1237 3168 αὐτὰ
1262 3102 1312 3166 ἐλ-

192 3233 284 3289 θοῦσι
315 3227 356 3305 μὴ
389 3219 631 3304 ἀτολμοτέροις
656 3217 722 3300 (pro
753 3253 797 3262 -
819 3218 906 3300 οος)
930 3221 994 3283 τῶν
1018 3218 1067 3281 ἀεὶ
1092 3221 1307 3302 μοχθούντων

188 3343 378 3418 φαίνεσθαι.
404 3331 450 3397 Cf.
474 3331 491 3394 I
510 3334 572 3397 126
596 3334 829 3418 ἐπιτρέψαντες
847 3341 913 3407 τοῖς
928 3331 1024 3397 ἐννέα
1040 3336 1175 3416 ἄρχουσι
1192 3368 1236 3376 -
1252 3323 1322 3396 αδ(

189 3457 376 3532 τοκρέετορσι
405 3447 586 3514 διαθεῖναι.
616 3443 721 3508 Adde:
745 3442 761 3506 I
786 3444 846 3520 31,
870 3444 929 3522 65,
955 3441 989 3506 ΙΙ
1016 3445 1074 3521 62,
1102 3445 1160 3520 87,
1185 3443 1231 3508 IV
1251 3447 1309 3520 17,

192 3566 249 3640 71,
277 3565 356 3639 126,
384 3561 412 3621 V
439 3565 522 3639 111,
546 3559 593 3622 VI
618 3562 669 3625 60.

234 3679 253 3744 i
277 3675 348 3762 Cap.
374 3680 417 3744 40
440 3679 454 3760 §
479 3680 509 3741 1.
535 3647 589 3742 καὶ
618 3678 781 3762 ἑτέροις
806 3681 885 3762 πρὸς
913 3681 992 3763 ἔργα
1017 3678 1245 3762 τετραμμένοις
1272 3683 1310 3742 τὰ

190 3795 343 3860 πολιτικοὶ
375 3800 417 3876 μὴ
455 3793 571 3868 ἐνδεῶς
604 3798 742 3873 γνῶναι.
780 3789 874 3854 Haud
908 3790 1039 3855 absurde
1072 3790 1242 3854 coniectum
1265 3798 1312 3854 est

190 3912 296 3993 Γε’τερα,
322 3908 374 3971 sed
393 3907 495 3992 paullo
521 3905 634 3990 aptius,
651 3905 726 3969 mibi
752 3905 873 3968 videtur
896 3913 1064 3994 ἑτεροῖα
1089 3906 1112 3968 i.
1135 3928 1161 3968 e.
1184 3905 1313 3992 ueneris

191 4023 313 4088 diuersi
338 4024 367 4091 †.
392 4021 437 4086 Ib.
462 4025 476 4104 t
501 4022 529 4086 3.
556 4022 772 4106 διαφερόντως
796 4035 856 4108 γὰρ
882 4022 919 4104 δὴ
938 4028 991 4088 καὶ
1010 4024 1080 4088 τοδε
1098 4025 1210 4110 ἔχομεν
1229 4025 1308 4090 ὥστε

190 4141 312 4224 τολμᾶν
335 4167 367 4206 τε
392 4143 424 4232 οἱ
446 4141 539 4204 αὐτοὶ
563 4138 701 4222 μάλιστα
727 4144 782 4203 καὶ
802 4143 873 4222 περὶ
890 4131 937 4204 ὧν
955 4142 1195 4223 ἐπιχειρήσομεν
1220 4139 1309 4204 ἐκλο-

190 4256 352 4334 γίζεσθαι·
380 4257 395 4317 ὅ
422 4264 509 4328 τοῖς
540 4253 653 4328 ἄλλοις
681 4255 810 4336 ἀμαθία
834 4258 893 4337 μέν
925 4261 1064 4338 θράσος,
1100 4254 1249 4338 λογισμὸς
1275 4255 1308 4320 δέ

190 4374 287 4435 ὄκνον
313 4370 411 4452 φέρει.
457 4365 612 4430 Contortis
636 4365 763 4430 aliorum
789 4365 1047 4450 explicationibus
1066 4368 1224 4451 aliquanto
1241 4390 1312 4452 pro-

192 4481 319 4547 babilior
341 4481 415 4548 mibi
433 4481 555 4547 videtur
570 4481 724 4546 lenissima
748 4481 820 4545 baec
842 4481 979 4546 novatio:
1003 4488 1072 4551 ὅτε
1093 4493 1182 4560 τοῖς
1197 4484 1311 4559 ἄλλοις

192 4606 257 4668 nri.
283 4597 327 4663 Of.
354 4597 551 4662 Homericum
576 4596 652 4661 illud
680 4596 751 4681 (Od.
775 4627 807 4682 μ.
832 4600 887 4682 22)
913 4601 1097 4675 δισθανέες,
1122 4601 1185 4664 ὅτε
1207 4595 1311 4666 τ’ἄλ-
