3190 5232
847 505 886 570 36

310 718 371 759 non
393 691 501 757 leviter
523 691 627 756 nocuit
648 691 833 776 adscriptum
857 690 930 754 olim
953 690 1258 774 interpretamentum
1288 698 1322 758 τό
1346 694 1424 777 πλῆ-

311 821 368 888 θος
396 818 460 878 τάν
487 814 568 876 νεῶν
594 812 769 892 postquam,
792 810 827 868 ut
854 807 907 882 fit,
932 803 1034 868 addita
1060 805 1167 889 copula
1194 806 1226 869 in
1250 813 1369 870 textum
1393 827 1424 870 se

309 924 483 988 insinuavit.
536 922 564 985 Ii
597 921 648 1005 qui
680 918 906 1004 corruptissima
933 940 1068 1004 quaeque
1096 933 1249 1003 utcunque
1276 920 1425 1005 interpre-

311 1043 426 1114 tantur,
449 1037 492 1099 ita
515 1034 653 1118 vulgatae
670 1034 834 1116 scripturae
852 1056 973 1097 sensum
988 1042 1162 1118 exponunt,
1179 1034 1264 1118 quasi
1279 1033 1424 1117 scriptum

310 1157 441 1215 exstaret
456 1150 488 1213 in
505 1155 606 1214 textu:
632 1155 667 1217 τό
692 1150 817 1235 πλῆθος
842 1155 905 1216 τῶν
927 1155 1007 1218 νεῶν
1026 1156 1079 1215 καὶ
1097 1150 1203 1217 τοῦτ’
1216 1155 1273 1218 οὐκ
1290 1153 1354 1216 α’πό
1372 1159 1426 1216 τοῦ

310 1271 393 1343 ἰ’σου,
419 1289 456 1330 ne
480 1265 646 1329 sentientes
669 1263 790 1346 quidem
814 1284 903 1346 quam
928 1263 1086 1327 invenuste
1110 1263 1278 1346 summique
1301 1263 1428 1347 scripto·

310 1381 350 1444 ris
385 1380 455 1444 stilo
487 1379 612 1463 indigne
644 1377 785 1443 Phormio
819 1377 863 1439 ita
893 1375 1019 1440 dicendo
1049 1377 1168 1442 locutus
1199 1385 1289 1442 esset.
1335 1375 1427 1441 Aliud

310 1494 457 1559 emblema
481 1493 612 1579 perdidit
637 1492 727 1556 verba
748 1490 916 1577 sequentia:
937 1495 1051 1558 ἔπειτα
1068 1485 1247 1580 ᾦμάλιστα
1264 1502 1427 1560 πιστευου-

311 1638 360 1686 τες
385 1613 628 1697 προσέρχονται,
660 1614 702 1684 ὠς
730 1618 890 1693 προσῆκον
918 1611 1063 1690 σφίσιν
1089 1610 1249 1693 ἀνδρείοις
1267 1603 1369 1683 εἶναι,
1390 1610 1426 1673 οὐ

311 1725 353 1790 δι’
377 1725 458 1790 ἄλλο
485 1752 515 1789 τι
543 1732 715 1806 δαρσοῦσιν
743 1732 763 1807 ἤ
790 1724 844 1788 διά
869 1734 926 1805 τὴν
951 1727 985 1790 ἐν
1012 1733 1055 1806 τῷ
1083 1725 1168 1805 πεζῷ
1194 1724 1360 1806 ἐμπειρίαν
1388 1729 1426 1787 τά

311 1838 409 1903 πλείω
426 1823 660 1923 κατορθοῦντες
678 1842 732 1903 καί
750 1839 876 1903 οίονται
903 1835 1048 1920 [σφίσι]
1076 1842 1130 1902 καί
1155 1841 1188 1902 ἐν
1214 1845 1258 1921 τῷ
1283 1843 1426 1922 ναυτικῷ

312 1961 455 2034 ποιήσειν
481 1957 515 2017 τό
540 1953 628 2018 αὐτὸ.
667 1951 775 2033 Neque
799 1956 884 2031 σφίσι
910 1972 962 2034 pro
987 1955 1093 2034 σφίσιν
1119 1951 1229 2024 αυτοῖς
1252 1971 1277 2014 s,
1300 1957 1428 2028 ἑαυτοῖς

260 2069 262 2074 ’
312 2064 458 2129 Graecum
484 2072 530 2128 est
553 2087 649 2149 neque
677 2075 782 2132 ποιεῖν
808 2064 931 2147 ponitur
956 2086 1010 2147 pro
1034 2073 1214 2150 περιποιεῖν
1238 2085 1261 2129 s,
1286 2091 1429 2150 περιποι-

312 2191 430 2247 εῖσθαι.
456 2179 564 2243 Deleto
588 2178 781 2263 pronomine,
799 2177 876 2242 male
892 2178 1022 2262 repetito
1040 2200 1057 2241 e
1072 2178 1266 2262 praegressis,
1282 2190 1428 2263 ποιήσειν

312 2295 409 2357 ταυτό
436 2292 553 2376 explica
579 2297 811 2377 κατορθώσειν.
860 2289 982 2353 Etenim
1006 2289 1049 2353 sic
1073 2292 1170 2374 pergit
1195 2300 1312 2356 orator:
1340 2298 1375 2360 τὸ
1400 2294 1428 2358 δ’

313 2407 365 2491 (sc.
390 2408 585 2490 κατορθοῦν)
604 2413 638 2474 ἐκ
662 2419 716 2473 τοῦ
739 2408 870 2472 δικαίου
890 2415 965 2490 η’μῖν
989 2407 1112 2490 μᾶλλον
1132 2412 1369 2506 νῦνγπερίεσται
1386 2444 1430 2453 -

314 2533 355 2605 τά
380 2522 414 2586 δεΙ
439 2528 639 2609 ἑκάτεροι
673 2527 888 2608 ἐμπειρότεροι
915 2518 998 2588 εἶναι
1027 2526 1215 2608 θρασύτεροί
1241 2525 1350 2605 ἐσμεν,
1377 2521 1429 2584 ubi

311 2635 475 2718 posteriora
500 2657 571 2698 sana
596 2657 660 2698 csse
684 2657 745 2698 uon
761 2633 970 2718 praestiterim.
990 2634 1010 2701 †
1044 2634 1129 2722 uPost
1154 2656 1247 2718 pauca
1271 2634 1428 2699 scribitur:

312 2749 392 2814 πολό
417 2749 446 2815 δ’
469 2755 556 2834 ὑμεῖς
581 2754 716 2824 ἐκείνοις
739 2748 838 2814 πλείω
860 2754 962 2836 φόβον
986 2752 1140 2838 παρέχετε
1166 2757 1219 2815 καὶ
1241 2759 1428 2836 πιστότερον

313 2872 395 2930 κατά
418 2891 451 2929 τε
476 2868 511 2928 τό
536 2864 804 2948 προνενικηκέναι
828 2869 882 2929 καί
907 2870 957 2930 ότι
981 2866 1038 2930 οὐκ
1061 2871 1104 2931 διν
1126 2874 1280 2949 ἡγοῦνται
1298 2872 1339 2949 μὴ
1355 2865 1430 2950 μὲλ-

312 2980 427 3055 λοντάς
462 3005 495 3044 τε
528 2979 623 3055 ἄξιον
660 2987 714 3044 τοῦ
750 2984 860 3064 παρά
895 2979 999 3045 πολύ
1035 2981 1168 3064 πράξειν
1203 2983 1429 3046 ἀνθίστασθαι

310 3099 401 3176 ὑμᾶς.
426 3092 493 3156 Imo
518 3113 603 3155 vero:
636 3102 688 3160 τοῦ
713 3093 956 3176 παράπλου,
980 3093 1001 3157 i.
1026 3115 1051 3157 e.
1075 3105 1130 3160 τοῦ
1153 3093 1352 3178 τολμήματος
1373 3105 1428 3160 τοῦ

312 3209 510 3292 παραπλεῖν.
553 3205 692 3270 Alterum
723 3205 836 3270 scribae
870 3207 1010 3275 ἐναυλον
1036 3215 1099 3270 erat
1129 3206 1358 3292 epraegressis.
1381 3206 1430 3269 Ad

312 3343 374 3384 rem
400 3321 439 3385 cf.
464 3323 505 3387 86
529 3324 546 3407 δ
571 3325 603 3401 2,
629 3321 667 3386 ad
692 3321 812 3386 dicendi
836 3321 984 3388 rationem
1009 3321 1036 3384 V
1061 3325 1121 3388 60:
1146 3324 1239 3390 ουδέν
1257 3323 1431 3409 δράσαντες

310 3441 405 3515 ἄξιον
439 3450 494 3522 τῆς
525 3448 738 3524 παρασκευῆς.
768 3438 788 3505 †
812 3474 856 3486 —-
879 3436 926 3500 Ib.
952 3437 1004 3520 δῖ)
1028 3438 1132 3504 πολλά
1162 3440 1195 3504 δέ
1225 3442 1279 3503 καί
1302 3443 1431 3522 στρατό-

312 3552 394 3616 πεδα
418 3552 479 3637 ἤδη
507 3552 656 3618 ἐπεσεν
684 3551 750 3633 [ὑπ’
771 3551 965 3633 ἐλασσόνων]
991 3561 1030 3636 τῇ
1053 3554 1184 3636 οίπειρία
1202 3557 1266 3617 κτὲ.
1291 3547 1430 3632 Vocabu-

311 3663 374 3727 lum
409 3667 520 3731 ἐπεσεν
556 3685 617 3728 uon
645 3663 817 3728 defenditur
839 3664 904 3728 loco
928 3663 992 3727 VH
1016 3666 1090 3744 itt
1115 3667 1151 3742 1,
1176 3685 1236 3746 quo
1259 3670 1425 3748 provocant

311 3800 356 3842 vv.
393 3777 445 3841 dd.
494 3777 617 3842 Dudum
651 3778 749 3843 Haase
782 3778 915 3864 repperit
944 3778 1026 3862 quod
1058 3800 1105 3842 me
1133 3778 1231 3842 iudice
1255 3799 1357 3841 verum
1380 3784 1426 3843 est

311 3897 463 3974 ἔπταισε,
489 3892 542 3956 sed
565 3892 609 3956 ita
635 3901 668 3957 ut
690 3893 781 3958 simul
805 3893 940 3958 deleatur
961 3892 1016 3961 ὑπ’
1042 3897 1232 3972 ἐλασσόνων,
1248 3895 1334 3978 ‘quod
1352 3894 1424 3958 olim

311 4006 455 4089 magister
477 4005 634 4092 adscripsit
657 4006 735 4072 male
751 4007 823 4072 haec
841 4007 930 4072 verba
948 4008 1077 4072 referens
1093 4007 1131 4072 ad
1147 4005 1324 4091 Spartanos:
1341 4029 1426 4092 spec-

310 4126 374 4182 tare
402 4121 482 4185 enim
506 4121 607 4206 potius
632 4122 832 4187 Athenienses
857 4122 968 4187 docent
990 4144 1074 4206 sqq:
1099 4113 1145 4189 ὧν
1171 4159 1212 4168 -
1236 4123 1422 4210 μετέχομεν.

310 4233 349 4297 In
383 4240 518 4298 extremo
555 4235 650 4319 capite
687 4235 785 4302 denuo
816 4235 994 4323 obstrepunt
1034 4235 1195 4321 Byzantini
1225 4235 1425 4322 pulcherrima

312 4369 448 4432 quaeque
475 4350 734 4415 annotatiunculis
757 4351 820 4415 suis
844 4363 1079 4436 corrumpentes:
1110 4356 1128 4416 δ
1158 4349 1187 4417 δ’
1212 4353 1302 4430 α’γὼν
1325 4351 1424 4436 μέγας

308 4468 383 4550 ὑμῖν
407 4473 428 4550 ἤ
454 4466 632 4533 καταλῦσαι
657 4467 929 4552 Πελοποννησίων
947 4473 1005 4550 τὴν
1024 4464 1140 4533 ἐλπίδα
1159 4465 1228 4548 [τοῦ
1253 4465 1423 4549 ναυτικοῦ]

307 4588 327 4687 ρ’
363 4583 522 4668 ἐγγυτέρω
554 4590 750 4664 καταστῆσαι
788 4578 989 4667 Ἀθηναίοις
1026 4584 1082 4647 τόν
1114 4583 1214 4665 φόβον
1252 4578 1337 4665 [περὶ
1369 4587 1424 4664 τῆς
