3166 5230
706 501 748 565 93

1213 629 1223 656 Ι

165 690 269 755 iuncta
290 689 421 774 copuliS,
446 689 528 772 quod
545 689 664 771 saepius
680 688 920 765 observavimus,
937 711 1002 752 raro
1018 689 1133 753 intacta
1150 690 1282 754 evadunt

169 804 330 869 sciolorum
358 826 475 868 manus.

212 916 283 1002 Gap.
302 920 321 982 3
344 920 405 1002 92.
430 917 503 983 ἀλλ’
521 921 655 1003 ἡσύχαζε
681 923 759 1000 πρὸς
786 927 829 1001 τῷ
849 917 1004 1000 [ἑαυτῶν]
1024 923 1120 1007 τείχει
1159 917 1286 984 variant

168 1031 238 1095 libri
264 1032 344 1094 inter
372 1039 499 1098 ἑαυτοῦ,
529 1030 609 1112 quod
633 1029 819 1104 sententiae,
849 1037 880 1093 et
903 1037 1041 1100 ἑαυτῶν,
1071 1033 1152 1116 quod
1177 1033 1286 1098 Gram-

169 1147 295 1211 maticae
319 1146 503 1208 adversatur.
539 1143 670 1223 Quinam
697 1166 800 1208 murus
825 1145 1021 1228 significetur,
1046 1148 1155 1210 omisso
1179 1170 1286 1233 prouo-

170 1263 249 1326 mine
281 1269 327 1325 sat
350 1260 541 1324 manifestum
566 1258 703 1322 arbitror.
750 1257 868 1322 Ibidem
893 1262 909 1342 δ
936 1263 956 1323 4
981 1260 1064 1344 lege:
1090 1273 1129 1348 τῇ
1153 1262 1181 1330 δ’
1198 1270 1285 1333 ὑστε-

168 1382 245 1466 ραίᾳ
273 1379 441 1458 οἷγαγὼν
476 1376 542 1459 (pro
564 1378 680 1457 ἄγων)
712 1381 770 1456 τὴν
794 1381 853 1458 μέν
878 1377 1032 1460 πλείστην
1057 1385 1111 1458 τῆς
1135 1387 1284 1464 στρατιᾶς

168 1494 330 1577 παρέταξε
356 1498 421 1558 κτέ.
478 1488 481 1494 ’

213 1604 283 1690 Cap.
309 1608 329 1667 4
353 1607 369 1689 δ
393 1608 420 1668 1.
449 1610 501 1670 καί
525 1610 604 1687 μετὰ
635 1615 736 1670 ταῦτα
761 1607 917 1691 ἐτείχιζον
951 1640 992 1648 -
1019 1611 1089 1671 ἄνω
1119 1604 1210 1690 [πρὸς
1234 1607 1285 1690 τὸ]
1358 1640 1360 1650 .

170 1726 337 1808 ἐγκάρσιον
359 1729 462 1805 τεῖχος
486 1720 622 1784 ἁπλοῦν.
670 1716 718 1780 Cf.
743 1716 789 1779 VI
814 1719 854 1781 99
880 1718 897 1798 δ
921 1720 951 1780 4.
976 1756 1017 1763 -
1042 1716 1089 1783 Ib.
1115 1720 1285 1807 §5rrpdg

170 1847 214 1921 τῷ
240 1838 346 1919 λιμένι
374 1835 431 1920 [rgo
457 1843 521 1900 τῶν
549 1837 761 1918 Συρακοσίων
786 1830 843 1895 del.
869 1831 940 1915 Kr.]
970 1839 984 1897 ἐ
993 1841 1173 1918 φορμήσειν.
1199 1833 1285 1898 Abii-

170 1949 274 2014 cienda
300 1950 421 2013 videtur
442 1971 541 2033 praep.
571 1955 661 2033 πρός,
690 1985 727 1996 ε-
751 1952 819 2022 aut,
845 1945 925 2028 quod
953 1945 1043 2028 longe
1067 1947 1179 2014 malim.
1207 1969 1285 2012 resc-

170 2063 264 2130 cauda
293 2063 436 2128 audacter
464 2061 554 2125 verba
576 2061 682 2124 vitiosa
705 2069 735 2122 et
759 2061 902 2124 obscure:
927 2067 1004 2146 πρὸς
1028 2073 1071 2146 τῷ
1104 2063 1210 2146 λιμένι
1241 2075 1284 2149 τῷ

170 2187 235 2248 τῶν
267 2183 491 2265 Συρακοσίων.
524 2216 564 2224 —
597 2177 632 2239 Iu
667 2184 800 2240 extremo
833 2175 930 2260 capite
965 2175 1123 2240 obiecerim
1147 2177 1288 2272 ultimurp

169 2292 348 2358 vocabulum
371 2297 484 2372 αυτιίς,
507 2292 578 2375 quia
603 2290 725 2354 verbum
752 2292 924 2379 ναυλοχεῖν
938 2312 1018 2354 cum
1041 2291 1151 2355 obiecti
1171 2313 1287 2356 accusa·

170 2409 233 2472 tivo
257 2408 391 2472 construi
416 2429 503 2490 posse
527 2429 588 2470 non
612 2406 701 2470 facile
725 2405 853 2469 credam.

216 2522 289 2608 Cup.
315 2525 333 2588 8
358 2524 374 2607 ᾧ
399 2526 415 2587 1
446 2529 541 2585 extr:
568 2530 594 2587 εἰ
620 2530 661 2606 μὴ
689 2559 732 2568 -
758 2522 1024 2606 μεταπίμψουσιν
1053 2531 1124 2606 ή-
1151 2525 1285 2587 οἷποστε-

170 2642 290 2716 toccu,
311 2637 465 2722 οὐδεμίαν
492 2635 575 2704 εἶναι
592 2640 761 2722 σωτηρίανΙ
793 2633 898 2697 Oratio
922 2633 1037 2698 directa
1060 2635 1135 2698 foret
1156 2637 1287 2720 οὐδεμία

171 2757 260 2820 ἐσται
285 2774 309 2815 s.
339 2759 382 2818 ἂν
408 2755 455 2838 ε’ίη
484 2756 642 2835 σωτηρία,
677 2771 767 2833 quaro
798 2749 866 2832 lege
917 2752 1071 2832 οὐδεμίαν
1105 2752 1173 2834 (ἂν)
1203 2747 1287 2817 εἶναι

171 2871 340 2952 σωτηρίαν.
365 2867 381 2951 δ
406 2867 435 2930 3.
460 2872 514 2932 καί
540 2871 570 2931 οί
591 2870 649 2948 μεί·
671 2871 795 2951 ᾤχοντο
820 2865 970 2948 φέροντες
994 2867 1047 2939 οὓς
1063 2866 1231 2931 α’πέστειλε
1249 2869 1289 2929 τὰ

170 2991 339 3068 γράμματα
366 2988 419 3047 καὶ
443 2985 502 3047 ὅσα
535 2982 598 3046 ἔδει
624 2982 739 3056 αὐτούς
764 2986 880 3046 εἰπεῖν.
930 2978 1070 3042 Fortasse
1104 2985 1182 3042 recte
1218 2979 1290 3042 haec

170 3093 260 3158 verba
292 3094 411 3157 sanavit
444 3093 609 3178 Pluygers,
642 3091 673 3154 in
698 3092 812 3155 Mrem.
838 3091 885 3154 XI
910 3113 936 3174 p.
972 3093 1013 3156 94
1037 3091 1198 3175 legendum
1221 3113 1289 3176 pro-

170 3231 300 3294 ponens:
332 3211 481 3294 φέροντες
510 3214 531 3274 ἃ
558 3209 716 3274 ἐπέστειλε
752 3207 806 3288 [τὰ
834 3208 1018 3293 γράμματα]
1052 3213 1106 3272 καί
1138 3211 1196 3274 ὅσα
1221 3211 1286 3274 ἐδει

163 3331 286 3404 αὺτούς
311 3332 423 3393 εἰπεῖν.
477 3322 548 3386 Non
572 3329 674 3385 tamen
700 3321 829 3384 diffiteor
853 3321 926 3384 mihi
954 3319 1115 3403 displicere
1131 3321 1288 3386 verbosam

173 3440 363 3516 orationem,
397 3460 473 3523 quae
508 3437 594 3500 facile
633 3437 809 3521 interpolari
845 3436 944 3519 potuit
979 3458 1015 3499 ex
1041 3435 1135 3521 capite
1162 3436 1287 3504 decimo.

173 3556 274 3636 Quare
297 3555 419 3640 reliquis
447 3552 572 3616 abiectis
600 3551 690 3636 longe
722 3551 855 3615 mallem:
883 3557 937 3619 καί
969 3557 1000 3617 οἱ
1022 3557 1080 3635 μὲν
1105 3561 1249 3640 ᾤχοντο,
1271 3559 1289 3620 c‘

172 3674 206 3739 δι’
232 3676 272 3738 τὰ
297 3676 379 3736 κατὰ
405 3676 439 3735 τὸ
463 3670 680 3753 στρατόπεδον
699 3668 753 3733 διὰ
777 3668 921 3748 φυλακῆς
936 3667 1144 3753 μᾶλλον“ἤδη
1165 3669 1246 3753 ἔχων
1269 3698 1287 3753 η

172 3785 215 3851 δι’
233 3789 384 3850 ἑκουσίων
407 3785 566 3850 κινδύνων
585 3783 764 3866 ἐπεμέλετο.
788 3780 873 3843 Haec
888 3780 1009 3844 demum
1026 3780 1122 3843 oratio
1145 3788 1193 3845 est
1209 3781 1289 3846 bono

171 3898 265 3982 digno
281 3899 446 3981 scriptore!
471 3897 667 3980 Acquiescam
681 3896 826 3960 tamenin
844 3895 905 3958 leui
918 3895 1075 3981 Pluygersi
1093 3875 1287 3962 correctione.

217 4013 290 4098 Oap.
317 4015 352 4076 11
382 4015 397 4096 δ
423 4016 453 4076 2.
478 4026 515 4098 τῇ
541 4012 570 4078 δ’
595 4017 789 4097 ὑστεραίᾳ.
837 4013 885 4075 An
912 4011 1079 4096 ὑστέρᾳί
1105 4010 1176 4076 Non
1209 4019 1289 4076 certe

171 4136 297 4213 apparet
320 4149 356 4191 ex
380 4149 446 4210 cap.
475 4130 493 4191 5
515 4127 676 4213 postridie
700 4127 769 4192 οιίιο
796 4125 862 4191 diei
890 4124 990 4190 denuo
1018 4132 1185 4211 pugnatum
1215 4149 1288 4193 esse.

216 4240 291 4326 Gap.
322 4245 360 4306 lt
386 4249 461 4306 extr.
486 4251 622 4328 φανεραί
648 4243 677 4308 δ’
702 4249 779 4310 εἰσιν
811 4248 1073 4329 οιναπειριίιμεναι
1107 4243 1211 4324 (naves
1236 4243 1290 4328 Sy-

173 4359 402 4439 racusanorum)
429 4363 482 4422 καί
510 4362 544 4422 αί
561 4364 771 4444 ἐπιχειρήσεις
789 4360 840 4426 ἐπ’
855 4365 990 4436 ἐκεῖνοις
1013 4375 1067 4424 καί
1084 4363 1288 4444 οἷποξηρᾶναι

171 4476 230 4550 τὰς
261 4474 413 4559 σφετέρας
440 4472 564 4558 μᾶλλον
588 4475 760 4550 ἐξουσία.
810 4471 925 4537 Ultima
952 4495 1009 4536 vox
1041 4495 1079 4537 arr
1103 4472 1290 4558 Thucydidis

170 4583 212 4648 sit
234 4584 350 4650 dubito.
374 4559 419 4650 Ἑν
442 4584 551 4650 omissa
575 4592 675 4648 mente
699 4584 897 4669 repetendum
