3190 5232
770 471 789 536 6

224 663 421 730 οόιιαιιεῒσθαι
451 655 488 720 de
521 655 687 738 domantia,
719 657 761 721 ita
788 659 919 726 α’νιέναι
948 664 979 723 et
1002 663 1156 728 α’νεῖσθαι
1190 660 1226 723 de
1250 657 1343 736 locis,

227 773 414 852 urbanitate,
433 772 648 851 animalibus,
667 771 833 850 similibus,
854 792 930 856 quae
947 772 993 836 dis
1010 780 1233 848 consecrantur,
1252 773 1347 837 Grae·

226 890 268 954 eis
297 909 440 973 usurpare
469 886 615 950 sollemne
639 894 694 952 est.
742 886 890 968 Quocirca
915 888 1018 953 malim
1042 894 1180 975 α’νῇκε.
1229 887 1274 955 cf.
1299 889 1345 952 IV

227 1007 291 1072 116
316 1007 330 1087 5
356 1007 387 1068 2.

269 1118 340 1204 Cap.
365 1120 407 1184 18
431 1121 445 1201 d
470 1121 498 1182 2.
525 1121 581 1204 ἔτη
607 1125 666 1204 γάρ
691 1121 757 1183 ἐστι
783 1118 924 1201 μάλιστα
948 1126 1150 1205 τετρακόσια,
1168 1157 1212 1169 -·
1227 1118 1283 1204 ἀφ’
1309 1109 1346 1187 od

226 1238 484 1318 Λακεδαιμόνιοι
509 1243 548 1318 τῇ
564 1235 645 1318 αὐτῇ
663 1231 812 1317 πολιτείᾳ
838 1239 989 1321 χρῶνται.
1009 1233 1109 1298 Sohol.
1132 1234 1189 1318 ἀφ’
1206 1225 1256 1319 οὗ]
1276 1243 1348 1320 γρά-

227 1375 322 1433 φεται
344 1355 398 1415 καὶ
422 1351 456 1418 ἃ,
481 1355 502 1433 ἤ
525 1353 569 1425 είς
591 1343 659 1413 ἄν’
682 1348 751 1432 ἔτη,
777 1351 808 1412 οἱ
830 1349 1099 1433 Λακεδαιμόνιοι·
1122 1352 1291 1417 τουτέστιν
1313 1352 1348 1416 ἰν

227 1464 274 1543 οἷς
298 1466 413 1531 ἔτεσιν.
460 1460 532 1525 Non
557 1467 749 1539 memoratur,
772 1460 854 1545 quod
872 1461 969 1525 visum
993 1471 1039 1526 est
1063 1463 1217 1549 Popponi,
1237 1463 1348 1548 duplex

227 1577 318 1642 leotio
341 1583 362 1644 ἃ
383 1583 412 1642 et
436 1584 480 1657 εἷς
499 1581 535 1654 ἅ,
562 1574 614 1639 sed
638 1583 680 1654 εἰς
703 1581 725 1643 ἅ
750 1597 814 1639 esse
838 1576 1017 1644 lectionisd
1039 1577 1348 1662 interpretamentum

228 1698 352 1778 apparet
375 1713 411 1756 ex
435 1690 547 1756 additis
571 1689 725 1756 vocabulis
748 1689 778 1760 α’
803 1695 871 1778 ἔτη.
895 1690 1036 1756 Ceterum
1057 1692 1093 1756 de
1117 1692 1174 1757 hac
1188 1693 1348 1772 varietate,

229 1807 314 1872 ouius
338 1806 499 1891 vestigium
531 1812 688 1870 servarunt
719 1805 787 1871 eod.
833 1806 932 1870 Italus
965 1814 996 1870 et
1019 1807 1174 1871 Parisinus
1198 1808 1240 1871 H.
1264 1808 1350 1872 exhi·

229 1922 353 1992 bentes:
376 1927 398 1990 ἃ
423 1922 480 2008 ἀφ’
508 1913 546 1990 οὗ
569 1931 670 1999 Λακ.,
703 1921 869 2004 diligenter
900 1920 1065 1985 videndum
1090 1928 1151 2001 est,
1180 1922 1206 1987 si
1228 1922 1349 2007 quidem
1439 1965 1440 1970 κ

230 2035 424 2121 quod·hodie
448 2035 591 2121 vulgatur
615 2035 672 2118 (ἐφ’
696 2029 734 2103 οὗ
764 2041 866 2120 potest
898 2057 961 2099 esse
991 2036 1076 2101 illius
1099 2037 1265 2122 glossema,
1290 2060 1351 2101 non

230 2152 348 2216 ratione
369 2152 500 2218 inversa.
526 2189 567 2198 —
591 2153 605 2234 ό
630 2153 650 2216 3
673 2150 825 2214 tralaticio
849 2172 948 2215 errore
972 2151 1096 2216 additur
1119 2153 1302 2238 praepositio
1317 2151 1350 2217 in

231 2267 346 2332 verbis:
373 2278 393 2354 η’
419 2267 484 2352 [ἐν]
510 2272 703 2352 Μαραθῶνι
733 2274 837 2353 μάχη,
869 2285 945 2349 quae
969 2274 1050 2330 recte
1074 2267 1228 2332 omittitur
1251 2267 1268 2330 I
1293 2269 1352 2345 73,

231 2382 284 2448 sed
307 2382 419 2448 iterum
452 2380 582 2446 delenda
607 2379 718 2445 1134.
765 2378 880 2443 Contra
912 2381 1015 2445 eadem
1040 2360 1121 2447 male.
1142 2382 1281 2468 neglecta
1306 2389 1353 2445 est

228 2498 261 2563 in
286 2519 350 2582 eap.
377 2498 442 2562 143
464 2499 481 2582 p
506 2499 523 2562 1
550 2494 617 2583 (lib.
643 2495 691 2581 I),
723 2495 775 2559 ubi
805 2495 971 2575 legendum
1004 2504 1070 2566 τῶν
1103 2499 1311 2582 Ολυμπίασιν
1334 2509 1355 2582 ᾖ

230 2612 291 2697 (ἐν)
316 2610 455 2694 Δελφοῖς
480 2595 661 2698 χρημάτων.
710 2607 758 2672 Of.
783 2612 846 2674 121
871 2611 888 2694 ό
913 2613 942 2674 1.

276 2723 324 2790 Ib.
347 2725 365 2808 ό
387 2727 404 2787 7
430 2723 576 2808 legimus:
599 2727 678 2791 ὥστε
702 2727 767 2791 α’πό
791 2731 856 2791 τῶν
882 2726 1045 2809 Μηδικῶν
1068 2731 1099 2802 ἐς
1117 2727 1211 2792 τόνόε
1229 2728 1279 2792 det
1297 2731 1353 2793 τόν

232 2839 373 2924 πόλεμον
391 2843 506 2924 τὰμὲν
530 2841 741 2924 σπενδόμενοι
762 2845 802 2905 τὰ
826 2842 860 2906 δὲ
886 2843 1100 2925 πολεμοῦντες
1119 2849 1140 2926 ἤ
1162 2841 1315 2924 ἀλλήλοις
1334 2850 1354 2925 ἤ

233 2966 299 3035 τοῖς
312 2962 438 3022 ἑαυτῶν
451 2957 628 3042 ξυμμάχοις
644 2958 875 3039 ἀφισταμένοις
892 2950 926 3020 εὖ
943 2965 1226 3040 παρεσκευάσαντο
1242 2961 1282 3020 τὰ
1299 2983 1354 3022 πο·

232 3073 327 3156 λε’μια
350 3069 570 3153 (1.πολεμικο“ι)
595 3074 650 3133 καὶ
675 3074 892 3153 ἐμπειρότεροι
915 3071 1065 3149 ἐγένοντο
1089 3075 1168 3154 μετὰ
1191 3069 1353 3136 κινδύνων

232 3191 290 3262 τός
314 3187 450 3271 μελέτας
479 3193 678 3272 ποιούμενοι.
727 3185 851 3249 Temere
874 3185 928 3250 Kr.
961 3185 1112 3270 expunxit
1136 3184 1280 3249 voeabula
1304 3206 1354 3248 ne·

234 3299 364 3363 cessaria
388 3305 427 3366 τὰ
451 3306 509 3386 μὲν
535 3301 746 3384 σπενδόμενοι
771 3306 812 3366 τὰ
837 3300 886 3378 όέ,
913 3321 990 3384 quae
1022 3297 1059 3362 de
1084 3298 1235 3363 industria
1262 3297 1355 3362 histo-

234 3415 315 3478 rious
338 3413 473 3493 addidit,
506 3414 578 3498 quie
610 3413 653 3477 sie
683 3421 804 3478 tantum
834 3415 898 3479 fieri
922 3423 1039 3500 posset,
1069 3421 1102 3478 ut
1127 3414 1249 3498 utrique
1279 3413 1355 3478 vires

235 3552 305 3595 suas
329 3528 469 3594 bellando
493 3529 654 3593 exhaustas
676 3529 845 3594 identidem
870 3532 1035 3595 reficerent.

280 3643 352 3729 Cap.
379 3647 422 3710 20
444 3646 461 3729 p
486 3647 504 3710 1
530 3645 641 3730 partim
674 3667 741 3708 oum
771 3643 912 3729 Krtigero
943 3645 1053 3731 partim
1084 3665 1152 3707 oum
1178 3641 1356 3728 Wyttenba·

236 3760 303 3825 chio
339 3760 501 3844 corrigam:
541 3761 666 3849 χαλεπὰ
700 3765 781 3828 ὄντα
817 3771 897 3829 πᾶν
926 3790 964 3828 τι
994 3758 1061 3844 (K.)
1094 3761 1165 3842 ἑξῆς
1197 3761 1355 3845 τεκμηρίῳ

236 3884 448 3943 πιστεῦσαι
472 3874 552 3959 (W.)
577 3895 631 3959 pro
655 3880 756 3941 παντί
781 3880 1016 3953 elocutiones,
1043 3872 1153 3936 deinde
1179 3878 1278 3956 ὅμως
1304 3892 1358 3954 pro

236 3993 351 4075 ὁμοίως
376 4011 443 4052 eum
467 3985 592 4052 Oobeto.

283 4103 331 4167 Ib.
356 4105 370 4185 d
395 4105 424 4168 3.
456 4109 720 4185 ὑποτοπήσαντες
745 4104 780 4168 δέ
802 4129 833 4168 τι
858 4138 899 4148 -
924 4100 1102 4186 Ἁρμόδιος
1127 4103 1181 4164 ιιαί
1208 4101 1360 4180 Ἀριστο-

237 4225 353 4303 μείτιον
371 4224 404 4286 ἐκ
429 4225 505 4287 τῶν
531 4219 725 4296 ξυνειόότων
742 4221 850 4302 σφίσιν
868 4218 986 4301 Ἶππίρι
1011 4223 1225 4299 μεμηνῦσθαι.
1249 4210 1362 4275 Proba-

236 4331 329 4397 bilius
346 4332 489 4397 arbitror:
511 4336 546 4399 ἔκ
572 4361 639 4400 του
660 4343 734 4399 τῶν
755 4333 949 4409 ξυνειδότιον
966 4339 1088 4414 propter
1103 4335 1222 4391 narrata
1240 4325 1284 4390 Vl
1301 4325 1359 4390 57:

236 4454 279 4525 ὡς
304 4446 389 4517 εἶδόν
409 4477 499 4516 τινα
524 4454 597 4516 τῶν
618 4451 846 4530 ξυνωμοτῶν
871 4449 957 4527 σφίσι
979 4444 1208 4527 διαλεγόμενον
1233 4445 1356 4516 elusione

239 4573 283 4652 τῷ
309 4566 430 4649 Ἱππίᾳ
454 4601 496 4612 -·-
521 4565 648 4630 idmona
674 4568 728 4627 καί
756 4566 909 4644 ἐνόμισαν
932 4567 1149 4644 μεμηνῦσθαι.

337 4950 590 5025 „affl
