3190 5232
243 465 276 516 1v
757 477 853 490 “·“·-·“

244 636 303 705 boc
325 657 406 706 anns
429 635 555 717 subibo,
572 659 662 706 mleas
679 641 933 730 qualescumque
957 637 996 707 d'o
1009 639 1167 728 plurimis
1183 640 1260 707 locis
1278 637 1366 706 Tbu

245 767 390 855 epdideis
412 767 580 854 opiniones
601 767 729 855 publici
753 769 838 834 iuris
860 769 968 854 facere
991 789 1056 836 non
1076 769 1133 835 abs
1153 789 1190 837 re
1210 769 1281 855 sore
1304 789 1365 855 pu-

246 895 326 972 lani,
352 901 390 960 ul
406 901 466 960 aul
479 894 599 961 alienis
616 894 781 962 laboribus
796 896 1001 976 inservirem,
1016 905 1075 964 aul
1091 897 1171 984 ipse,
1187 903 1367 987 autequam

245 1045 382 1091 manum
405 1025 497 1112 operi
519 1024 742 1104 admonerem,
773 1027 946 1106 discerem,
972 1047 1135 1118 quasnam
1159 1047 1199 1094 ea
1222 1027 1301 1132 mqis
1317 1047 1367 1092 su·

245 1153 444 1240 spicionibus
466 1153 592 1220 idoneis
612 1154 822 1248 probaverim
845 1154 1016 1234 iudicibus,
1040 1175 1124 1244 quas
1146 1162 1260 1220 conlra
1278 1152 1368 1219 banis

248 1282 453 1368 arqumeulis
475 1282 580 1367 salsas
604 1302 669 1349 esse
692 1282 961 1369 improbabilesne
986 1282 1156 1349 evicerint.
1193 1280 1265 1348 Non
1281 1281 1368 1348 enim

248 1414 377 1473 lanlum
397 1406 481 1473 mibi
502 1389 631 1496 arro'qo,
654 1416 691 1474 ul
706 1428 772 1474 non
791 1408 980 1494 saepissime
995 1409 1032 1474 in
1048 1407 1180 1495 difficili
1196 1416 1226 1475 el
1244 1408 1368 1476 lubrico

246 1533 384 1623 siquod
408 1534 504 1601 aliud
524 1535 561 1601 iu
584 1534 643 1601 boc
663 1535 862 1622 praeserlim
885 1536 1043 1638 seriplqre
1066 1535 1193 1622 neqolio
1218 1535 1369 1620 prauiler

247 1683 297 1730 me
322 1663 452 1750 lapsum
474 1684 539 1731 esse
563 1685 717 1752 auqurer,
737 1665 789 1732 nel
808 1663 936 1750 polius,
951 1665 981 1729 si
1004 1670 1120 1751 reputo
1139 1684 1264 1730 mamm
1288 1663 1370 1753 quid

247 1793 330 1860 uiris
352 1814 424 1860 mea
448 1793 547 1860 laude
566 1793 658 1880 lonqe
674 1794 855 1860 maioribus
879 1795 915 1860 in
938 1794 996 1861 boc
1020 1794 1225 1884 coniectandi
1242 1795 1369 1882 neqolio

214 1954 217 1961 ·
248 1919 341 1986 baud
364 1941 443 1987 raro
463 1910 766 1997 accideril‚'-sciam
790 1942 828 1987 ac
852 1922 1009 1988 nouerim.
1037 1920 1101 1988 Nec
1122 1943 1203 1989 sane
1227 1922 1369 1990 mirum!

248 2055 407 2134 Πρόσεστι
432 2057 503 2136 γάρ,
532 2068 605 2115 mea
631 2049 718 2115 enim
741 2050 844 2134 facio,
866 2049 985 2136 paucis
1007 2051 1159 2129 mulalis,
1188 2050 1288 2117 uerba
1313 2048 1371 2117 So-
1433 2032 1435 2039 ¹

250 2174 351 2242 cratis
371 2173 560 2246 Platonici,
588 2185 663 2261 ἡμῖν
689 2184 756 2254 τοῖς
781 2187 936 2262 κριτικοῖς
959 2183 1061 2246 ἐνιότε
1080 2183 1139 2262 μὲν
1165 2178 1282 2246 εἴδωλα
1307 2183 1371 2244 τίκ·

249 2331 334 2383 terr,
360 2305 446 2370 ἔστιν
471 2308 524 2370 ὅτε
554 2303 587 2369 δὲ
617 2303 773 2389 α’ληθινά.
799 2275 893 2371 cairo
922 2306 956 2371 δὲ
983 2311 1024 2388 μὴ
1054 2306 1170 2396 ῥᾴδιον
1193 2302 1277 2372 εἶναι
1303 2306 1371 2372 dra·

251 2438 387 2522 proras.
414 2428 535 2516 Nempe
556 2449 621 2496 non
644 2429 797 2497 abborrel
814 2431 855 2497 ab
877 2430 951 2516 ipsa
969 2430 1018 2497 rei
1032 2438 1168 2509 nalura,
1185 2438 1222 2496 ul
1237 2438 1373 2518 propler

247 2558 354 2646 prolis
387 2577 467 2624 snae
499 2577 643 2624 amorem
678 2563 708 2626 οἱ
737 2565 922 2645 yeoeqrcnol
955 2577 1052 2644 saepe
1083 2557 1238 2646 deficiant
1265 2565 1299 2628 ἐν
1328 2570 1371 2645 τῷ

207 2721 209 2726 ·
249 2689 440 2775 βασανίζειν
469 2693 508 2754 τὰ
531 2689 706 2776 τεχθέντα.
758 2683 887 2752 Idcirco
920 2705 960 2751 ed
982 2705 1062 2774 parc
1086 2699 1140 2770 τῆς
1166 2697 1372 2772 μαιευτικῆς,

250 2832 336 2901 quae
360 2801 574 2900 pacaocorcuu'
592 2812 704 2891 audii,
725 2813 846 2899 oplime
870 2812 1086 2880 mandabitur
1109 2812 1168 2892 iis,
1194 2813 1253 2900 qui
1275 2821 1374 2879 nalu-

251 2939 320 3006 rali
343 2939 401 3006 illo
425 2937 546 3027 affectu
561 2959 627 3006 non
642 2940 795 3026 impediti
811 2940 925 3006 aliena
941 2942 1044 3028 βρέφη
1061 2940 1242 3008 diiudicent
1259 2947 1375 3006 ulrum

251 3069 368 3136 εἴδωλα
394 3067 461 3134 Sicci
493 3073 547 3135 nal
572 3070 678 3155 merida]
710 3087 754 3133 an
780 3075 897 3151 yo'rcpa'c
928 3095 962 3134 τε
986 3035 1040 3134 nal
1073 3070 1194 3154 ἀληθῆ.
1245 3066 1290 3133 El
1317 3067 1376 3133 hoc

251 3201 376 3260 corlee
405 3191 575 3296 Sqoralica
600 3192 778 3278 disciplina
803 3192 948 3278 profeci,
975 3200 1013 3258 ni
1039 3213 1140 3280 quam
1162 3195 1224 3260 dm
1250 3203 1281 3261 el
1307 3196 1376 3282 ipse

252 3327 438 3409 εὐεπίφορος
459 3321 504 3388 ad
519 3325 708 3406 ἅνεμιαίους
733 3341 818 3387 meos
833 3321 937 3404 foelus
959 3320 1198 3407 amplcrcandos
1212 3344 1273 3409 pro
1289 3323 1375 3391 ocris

253 3457 383 3533 cycneo
407 3457 559 3536 ἐμαυτόν.
595 3448 777 3528 Habemus,
800 3448 926 3536 inquil,
950 3449 1152 3536 confitentem
1177 3469 1280 3516 reum.
1318 3449 1376 3517 Ila

252 3586 315 3658 esi,
333 3578 406 3658 scd,
431 3586 468 3644 ul
490 3586 536 3646 esl
559 3579 612 3644 sui
632 3577 771 3666 coqnilio
791 3577 845 3644 sni
864 3577 1050 3663 corripendi
1070 3586 1101 3644 el
1121 3579 1328 3667 principium
1345 3586 1377 3646 el

252 3711 339 3797 sons,
368 3709 419 3775 ila
445 3707 568 3778 uidebis
595 3727 645 3774 me
668 3707 705 3774 in
735 3703 898 3774 Addendis
923 3713 955 3770 el
980 3702 1179 3792 corrigendis
1204 3705 1375 3791 σφάλματα

254 3837 419 3928 quaedam
442 3858 515 3904 mea
537 3856 723 3924 aqnoscere,
748 3835 804 3902 nbi
822 3833 923 3899 simul
945 3833 982 3898 id
1001 3833 1067 3920 aqi,
1092 3840 1129 3900 ul
1149 3853 1235 3922 quae
1250 3833 1376 3920 impru-

254 3965 346 4032 denli
369 3963 550 4032 ceciderint
573 3962 666 4029 nouis
689 3961 811 4049 iisqne,
835 3968 872 4027 ul
896 3980 1007 4047 spero,
1030 3958 1219 4026 melioribus
1237 3959 1377 4028 adalios

254 4091 337 4158 locos
378 4087 655 4158 obserualionibns
687 4087 859 4154 redemisse
893 4085 1005 4152 loalori
1036 4083 1176 4152 uiderer.
1226 4082 1270 4151 In
1298 4093 1378 4154 cele·

255 4218 303 4284 ris
328 4217 358 4282 si
390 4217 472 4306 quid
501 4217 585 4302 forle
612 4216 775 4292 commisi,
807 4215 974 4304 bucusque
997 4214 1194 4296 rupiana,
1220 4234 1379 4304 speroque

254 4347 336 4432 sore,
361 4353 398 4412 ul
422 4345 481 4436 qui
501 4345 566 4433 ipsi
585 4351 723 4411 cernant
738 4350 872 4409 oculum
884 4342 1015 4408 obtusae
1031 4358 1123 4407 meae
1146 4339 1229 4408 aciei
1246 4340 1378 4407 eomiler

255 4474 451 4542 subveniant
475 4471 544 4539 sine
566 4470 613 4538 ira
636 4481 668 4538 el
693 4468 810 4538 studio.
861 4467 954 4548 Quod
976 4485 1088 4532 moneo
1114 4467 1151 4532 ob
1178 4467 1378 4558 iniquiorem

256 4600 452 4672 sententiam
477 4619 579 4690 quam
602 4597 809 4686 nuperrime.
833 4614 1029 4684 quacunque
1054 4594 1187 4662 landem
1213 4595 1252 4662 de
1276 4615 1377 4664 cansa
