3190 5232
562 1623 991 1716 PRAEFATIO.

673 1953 866 1962 ——v-—a-

264 2203 483 2273 Continentur
505 2205 564 2272 hoc
581 2206 707 2286 libello,
728 2207 868 2275 candide
893 2207 1001 2286 tector,
1026 2228 1066 2274 ea
1089 2227 1175 2296 qnae
1194 2227 1258 2292 per
1277 2207 1338 2273 ati-

216 2339 295 2424 qnot
333 2352 437 2398 annos
481 2333 600 2420 tepenti
632 2339 664 2400 et
690 2333 849 2420 rctepenti
876 2334 1068 2419 scriptorem
1101 2334 1336 2422 difficillimam

215 2480 232 2526 e
256 2458 409 2546 ditipenti
435 2459 658 2527 observatione
682 2459 751 2526 eins
773 2461 808 2526 in
829 2460 996 2527 scribendo
1011 2460 1232 2547 proprietatis
1256 2481 1337 2550 epae

157 2587 159 2592 ’
216 2588 358 2653 tocornm
382 2587 645 2674 impeditiornm,
672 2587 830 2654 adhibitis
853 2588 1052 2676 optimoram
1067 2588 1288 2676 interpretam
1304 2595 1336 2655 et

215 2714 404 2780 criticornm
420 2713 561 2800 scriptis,
580 2714 715 2780 assidna
729 2715 943 2781 meditatione
958 2715 1077 2781 sensim
1093 2713 1178 2780 mitti
1192 2715 1336 2781 snbnata
1392 2705 1395 2710 ’

215 2849 261 2908 est
287 2841 642 2908 annotatinncntarnm
665 2842 820 2929 senape,
846 2849 1010 2931 qnatenns
1034 2861 1091 2909 eae
1114 2861 1181 2907 non
1201 2863 1337 2926 prorsas

214 2965 371 3052 indipnae
401 2967 608 3064 aidebantnr,
634 2989 719 3057 qaas
745 2989 817 3035 cnm
846 2969 929 3035 airis
956 2969 1097 3036 eraditis
1120 2969 1336 3036 commonica-

214 3115 293 3162 rem.
344 3094 433 3176 Qnos
454 3104 565 3163 antem
590 3099 755 3165 asteriscis
778 3099 915 3173 iactast,
939 3119 995 3165 eos
1019 3106 1088 3165 tnm
1111 3119 1151 3165 en
1174 3097 1335 3166 Exercita-

214 3222 355 3290 tionibus
372 3221 496 3290 Critiois
519 3228 565 3309 (a.
585 3227 683 3311 1862)
703 3234 772 3293 tam
789 3247 829 3293 eoo
844 3225 969 3293 Criticis
993 3226 1214 3311 analectispo.
1234 3228 1334 3311 1868)

213 3349 292 3439 scito
315 3370 380 3417 esse
403 3351 572 3438 repetitos.

260 3475 395 3564 Semper
414 3483 488 3544 erat
511 3478 547 3543 in
568 3479 667 3558 votis,
692 3485 730 3545 nt
747 3479 831 3545 midi
847 3479 987 3546 daretnr
1001 3479 1235 3567 pravissimam
1247 3461 1336 3544 ‘aaa

215 3613 316 3673 torem
336 3607 449 3695 (qnam
466 3625 529 3694 qno
543 3607 619 3694 ptos
636 3608 666 3674 ei
688 3607 791 3674 stadii
810 3627 993 3696 operaeqne
1008 3607 1161 3694 impendo
1179 3627 1214 3673 eo
1229 3607 1336 3693 napis

213 3733 297 3800 mitti
319 3733 504 3822 persnadeo
533 3735 708 3823 aliquanta
733 3735 829 3822 peins
857 3755 959 3826 qnam
984 3735 1080 3821 nntpo
1107 3733 1255 3801 creditnr
1280 3732 1336 3799 tea·

146 3833 149 3836 .
215 3862 317 3929 bitnm
341 3884 406 3930 esse
427 3885 448 3929 a
469 3864 618 3930 librariis
638 3871 738 3954 atqne
755 3864 959 3949 mapistettis)
976 3863 1022 3930 sic
1045 3863 1157 3941 edere,
1175 3869 1213 3928 nt
1231 3871 1335 3947 κτῆμα

213 3992 301 4059 ittnd
332 4000 364 4070 ἐς
392 3997 442 4061 ἀει
456 3993 596 4080 propias
620 3993 787 4061 accederet
811 3993 856 4059 ad
879 4013 952 4059 eam
972 3991 1240 4079 praestantiam,
1267 4009 1336 4078 qna

213 4124 366 4206 ἀκέραιον
392 4121 471 4188 otim
486 4121 671 4207 profectam
692 4127 738 4187 est
761 4120 802 4186 ab
825 4119 1009 4186 immortali
1029 4119 1188 4205 scriptore
1212 4135 1333 4183 rernm.

218 4248 311 4330 Qnod
338 4257 449 4316 votnm
478 4258 588 4316 tamen
612 4269 657 4316 an
680 4269 830 4337 nnqnam
856 4248 983 4314 sotoam
1006 4247 1168 4313 incertam
1195 4251 1242 4311 est
1266 4252 1336 4310 tam

214 4377 251 4443 ob
279 4376 470 4455 adversam,
503 4396 645 4464 qnacnm
678 4395 776 4463 saepe
807 4375 990 4461 conflictor,
1018 4372 1240 4446 ratetadinem
1266 4379 1336 4437 tnm

214 4503 251 4570 ob
278 4503 445 4592 tepentes,
479 4523 569 4570 meas
586 4503 670 4588 [orte
692 4503 779 4570 eires
801 4509 1011 4589 soporantes,
1038 4500 1107 4568 eins
1131 4499 1253 4586 nepotii
1275 4497 1337 4582 dis·

215 4627 388 4715 donitates.
438 4626 504 4696 Sed
534 4629 602 4696 sine
629 4628 753 4697 edendi
778 4647 899 4696 mances
925 4627 988 4694 atii
1015 4626 1145 4708 cedam,
1172 4625 1240 4692 sine
1266 4623 1335 4712 ipse
