3190 5232
823 495 964 559 621

283 711 342 769 μεν
377 683 562 749 scholiastae
591 689 780 760 commento,
817 682 899 766 qnod
926 689 1094 768 sequnntur
1120 685 1320 770 interpretes:
1342 684 1404 764 οἷς

284 806 385 882 ἤγουν
423 799 470 882 ἐφ’
501 798 574 877 οἷς.
611 797 753 860 Βολίνην]
783 796 864 860 enim
888 819 951 860 esse
979 797 1244 863 instrumentalem
1268 806 1404 884 apertum

284 919 331 978 est
345 939 386 967 Ξ
406 925 473 990 τοῖς
497 915 692 999 ἐγκλήμασιν
719 916 765 996 ἐφ’
790 913 847 989 οἷς.

329 1025 401 1112 Cap.
430 1029 470 1094 87
494 1027 583 1092 initio
604 1049 755 1112 compares
776 1028 836 1091 Dio
848 1027 882 1092 Ο,
896 1027 1002 1093 XLIV
1018 1030 1060 1093 38
1078 1030 1094 1110 θ
1114 1030 1144 1092 1.
1175 1027 1404 1091 Violentissime

285 1143 421 1207 Badham
443 1142 479 1229 (l.
496 1143 531 1223 l.)
554 1148 584 1206 et
608 1143 690 1206 insto
714 1142 872 1207 obscurius
896 1144 996 1207 loenm
1020 1148 1196 1227 corruptum
1220 1144 1236 1226 θ
1258 1144 1275 1206 1
1297 1143 1341 1206 sie
1359 1164 1406 1206 re·

284 1256 390 1340 fingit:
415 1253 501 1324 εὖνοι
526 1257 556 1323 d'
580 1263 670 1334 ὄντες
693 1259 843 1334 οίξιώσετε
867 1265 908 1342 μὴ
936 1259 1148 1341 κακουμένοις
1170 1265 1269 1341 ἡμῖν
1294 1260 1406 1339 φαίνε-

287 1382 367 1438 σθαι
395 1377 454 1454 τὴν
480 1371 669 1457 ἐλευθερίαν
692 1378 734 1455 μὴ
758 1370 937 1440 α’κίυθυνον
959 1368 1129 1455 (οὖσαν).
1153 1367 1226 1432 Tam
1250 1375 1406 1433 astsslen·

287 1486 330 1551 tia
361 1507 449 1570 qnam
481 1485 607 1549 lenitate
631 1484 755 1548 remedii
778 1487 874 1570 magis
899 1508 930 1550 se
954 1483 1179 1549 commendabit
1206 1482 1278 1547 haec
1300 1482 1407 1546 lectio:

287 1597 372 1668 εὖνοι
397 1600 425 1667 d'
448 1605 539 1677 ὄντες
563 1602 716 1679 οίξιώσετε
739 1607 782 1683 μὴ
805 1606 998 1685 κακούμενοι
1016 1601 1210 1666 διωθεῖσθαι
1231 1597 1310 1682 (dele
1327 1598 1405 1680 καί)

288 1722 345 1799 τὴν
378 1715 581 1821 ἐλευθερίαν,
615 1713 667 1798 (ἢν
694 1711 805 1797 insere)
828 1722 870 1798 μὴ
900 1717 1080 1782 οίκίνόυνον
1104 1718 1180 1798 ὑμῖν
1206 1716 1406 1795 φαίνεσθαι,

287 1831 415 1898 δίκαιόν
439 1833 464 1896 τ’
485 1831 570 1898 εἶναι
595 1838 672 1908 τοτὲ,
699 1829 861 1916 inquibus
884 1829 969 1894 nulle
993 1828 1080 1892 litera
1102 1833 1220 1891 mutata
1245 1846 1342 1908 neque
1365 1823 1408 1887 nl·

288 1942 350 2007 lnm
383 1943 564 2008 vocabulum
587 1921 802 2028 transpositum
827 1951 887 2008 est.
933 1942 983 2006 Ad
1006 1942 1193 2008 infinitivum
1215 1945 1284 2026 post
1308 1937 1410 2003 relati·

288 2077 358 2120 vum
377 2055 417 2120 cf.
444 2058 486 2122 98
510 2059 527 2142 θ
547 2059 578 2121 3.

333 2172 352 2239 †
375 2171 447 2256 Cap.
472 2173 515 2238 90
536 2171 606 2234 init.
629 2173 751 2255 Δήλιον
768 2208 811 2219 -
827 2171 877 2253 [τό
891 2176 975 2257 ἱερὸν
990 2181 1044 2238 τοῦ
1059 2169 1301 2252 Ἀπόλλωνος].
1337 2166 1409 2252 Ipso

288 2288 371 2365 loeo,
397 2287 449 2372 qni
473 2286 589 2371 legitur
609 2286 794 2352 alienissimo
811 2287 972 2350 damnatur
988 2284 1239 2350 additamentum.
1272 2282 1409 2348 Petitnm

289 2423 393 2486 eeap.
417 2404 509 2478 76.†

272 2543 276 2556 ·
334 2513 408 2599 Cap.
433 2516 566 2600 92θ2.
605 2521 659 2580 καὶ
684 2521 743 2581 εἰσί
768 2517 873 2599 δήπου
894 2517 1043 2602 πολέμιοι
1069 2522 1104 2583 ἐν
1133 2508 1216 2603 ᾧτε
1240 2522 1282 2582 ἂν
1309 2516 1411 2602 χωρίῳ

291 2630 527 2716 καταληφθῶσι
554 2629 638 2715 [καί]
664 2636 745 2698 ὅθεν
771 2632 964 2708 ἐπελθόντες
988 2632 1127 2715 πολέμια
1153 2632 1304 2717 ἔδρασαν.
1338 2625 1412 2691 Oor-

291 2751 371 2808 rento
394 2749 473 2830 ὅτῳ
496 2765 550 2828 pro
574 2739 601 2832 ᾧ
624 2774 664 2812 τε
690 2752 797 2828 sponte
821 2745 941 2809 exeidet
964 2745 1089 2830 copula,
1112 2765 1218 2827 quam,
1248 2752 1283 2806 ut
1307 2742 1413 2807 voenla

291 2886 325 2926 τε
349 2857 472 2923 haberet
496 2859 578 2944 qnod
599 2858 656 2923 sibi
679 2860 892 2945 responderet,
919 2867 1065 2924 corrector
1085 2859 1187 2924 neseio
1211 2858 1279 2942 quis
1305 2880 1411 2943 parum

292 2995 397 3037 curan·
421 2994 539 3057 pravam
559 2973 701 3058 syntaxim
725 2974 761 3038 de
785 2997 839 3039 suo
862 2973 989 3039 addidit.
1037 2975 1174 3038 Eandem
1199 2973 1276 3036 male
1301 2972 1411 3057 repeti-

292 3093 355 3151 tam
380 3086 539 3151 deleverim
565 3089 581 3172 θ
606 3089 643 3166 3,
671 3089 786 3152 inserta
802 3067 891 3152 simul
915 3089 1019 3152 vocula
1035 3093 1086 3155 ὅτι
1104 3110 1172 3152 eum
1193 3086 1339 3151 Reiskio:
1358 3093 1412 3152 καί

291 3207 372 3288 πρὸς
406 3207 538 3279 τούτους
565 3231 600 3284 γε
636 3205 673 3289 δὴ
706 3212 738 3270 οῗ
773 3205 858 3289 [καί]
890 3211 932 3291 μὴ
957 3209 1007 3271 ὅτι
1030 3208 1222 3286 τούςέμγύς
1246 3204 1329 3271 οίλλὰ
1358 3208 1413 3269 καί

293 3321 366 3395 wll?
388 3324 518 3386 ἄποθεν
542 3317 578 3400 (l.
600 3321 750 3403 ἄπωθεν)
776 3326 952 3406 πειρῶνται
980 3320 1190 3388 δουλοῦσθαι.
1213 3355 1257 3366 -
1281 3317 1327 3382 [b.
1346 3318 1364 3401 d
1382 3320 1411 3381 7.

294 3424 331 3500 ori
363 3438 397 3501 τό
434 3438 518 3519 ἱερόν
543 3438 708 3518 οἰνόμως
733 3440 930 3523 τειχίσαντες
957 3438 1121 3522 νέμονται.
1172 3433 1246 3497 Vide
1271 3455 1309 3498 an
1338 3431 1414 3496 satis

294 3544 473 3609 defendatur
506 3545 579 3610 haee
604 3545 695 3610 lectio
723 3547 837 3632 (eapite
866 3550 923 3628 97)
947 3547 1061 3612 verbis:
1086 3552 1351 3636 παραβαίνοντες
1375 3552 1414 3612 τό

295 3667 414 3747 νόμιμα
434 3667 499 3730 τών
524 3662 691 3747 Ἑλλήνων
716 3668 747 3726 et
772 3664 847 3746 (cap.
866 3664 919 3746 98)
944 3667 1215 3751 παρανομίαν
1237 3700 1278 3710 -
1297 3665 1415 3747 ονομα·

295 3786 436 3861 σθῆναι,
461 3797 529 3840 nam
561 3782 608 3840 est
631 3775 683 3840 nbi
706 3799 813 3860 parum
843 3783 896 3841 ant
928 3776 1006 3840 nihil
1030 3777 1153 3841 intersit
1181 3781 1306 3862 ἀνόμως
1333 3775 1416 3840 inter

295 3895 327 3953 et
353 3899 554 3979 παρανόμως.
603 3891 657 3956 Sin
685 3893 800 3971 minue,
824 3899 879 3956 aut
900 3897 1076 3970 α’νοσίως
1102 3892 1212 3957 eoniiei
1237 3895 1418 3976 potestant

296 4014 556 4093 παρανόμως.
604 4006 662 4071 Sed
687 4008 856 4072 mutatione
879 4030 954 4093 opus
978 4031 1039 4072 non
1063 4030 1127 4071 esse
1151 4006 1281 4072 videtur.

341 4117 416 4204 Cap.
449 4123 489 4192 93
518 4125 532 4205 θ
565 4126 593 4188 1.
626 4129 716 4190 ἐπεί
750 4126 791 4190 δὲ
816 4125 1016 4209 προσέμιξεν.
1053 4123 1090 4186 In
1115 4123 1240 4207 optimis
1260 4119 1346 4185 libris
1371 4125 1417 4183 eet

297 4241 366 4301 nat
404 4239 493 4302 ἐπεὶ
522 4239 577 4316 δὲ,
603 4236 683 4306 unde
706 4237 832 4301 fortasse
858 4236 1036 4322 legendum:
1065 4245 1135 4304 καὶ
1159 4237 1319 4319 ἐπειδή.
1358 4233 1417 4297 Sed

295 4348 418 4412 maioris
453 4350 599 4414 momenti
627 4361 674 4414 est
699 4351 868 4415 emendatio
903 4351 1061 4415 verborum
1086 4350 1294 4434 sequentinm:
1322 4353 1416 4432 ἐνγός

297 4474 350 4531 τοῦ
376 4471 611 4550 στρατεύματος
635 4469 744 4533 αυτών
762 4472 792 4543 ἐς
811 4472 925 4555 χωρίον
951 4471 1091 4543 καθίσας
1107 4472 1187 4535 ὅθεν
1207 4467 1307 4549 λόφου
1324 4470 1416 4540 ὄντος

297 4581 416 4664 μεταξύ
450 4583 521 4647 οὐκ
551 4585 761 4666 ἐθεώρουν
782 4581 952 4665 ἀλλήλους.
978 4579 1077 4646 Verbo
1102 4591 1235 4668 θεωρεῖν
1260 4600 1314 4664 pro
1336 4583 1415 4666 όρᾶκ
