3190 5232
736 495 777 561 47

198 695 420 779 ἀναχράσθαι,
457 689 538 775 quod
563 685 774 751 Hemsterhuis
801 684 839 750 ad
863 685 1017 750 Pollucem
1038 687 1086 752 IX
1110 689 1174 754 153
1196 689 1314 774 Thucy-

197 805 262 869 didi
286 805 475 870 reddendum
499 802 616 867 censuit
639 801 657 864 I
681 804 745 867 126
770 823 796 863 v.
823 801 875 864 fin.
898 823 952 886 pro
975 804 1183 890 διεχρήσαντο
1207 804 1246 868 ob
1266 827 1315 868 ve·

197 928 291 984 terem
303 920 432 1004 glossam
441 942 489 1004 ap.
503 917 688 1002 Hesychium
700 916 835 1000 aliosque
848 919 1002 1004 ἀνεχρή
1014 943 1060 984 σοι
1070 946 1087 984 ν
1096 946 1115 985 τ
1126 939 1159 984 ο·
1175 921 1317 1002 διέφθει-

197 1053 274 1120 ραν·
286 1039 369 1101 οὕτω
383 1035 595 1119 Θουκυδίδης.
608 1069 652 1080 -
663 1032 737 1095 Post
746 1053 852 1115 pauca,
869 1038 1023 1115 expuncto
1036 1031 1316 1116 interpretamento,

198 1149 283 1232 lege:
308 1151 500 1232 diiudicarit
526 1151 624 1215 αὐτοῦ
652 1146 700 1228 [ἐν
727 1155 771 1232 τῷ
797 1147 884 1231 ἱερῷ]
909 1145 1079 1230 ἀλλήλους.

243 1263 293 1328 Ib.
319 1265 335 1348 b
357 1265 387 1328 3.
412 1271 471 1348 τὴν
495 1267 554 1348 μὲν
578 1266 688 1328 αἰτίαν
714 1265 920 1348 ἐπιφέροντες
945 1272 1033 1339 τοῖς
1057 1267 1113 1330 τόν
1136 1264 1236 1346 δῆμον
1261 1290 1317 1329 κα-

200 1380 384 1447 ταλύουσιν.
422 1377 541 1442 Diversi
565 1376 684 1460 generis
707 1382 779 1439 sunt
802 1375 904 1439 omnia
920 1395 997 1458 qnae
1014 1375 1069 1439 Kr.
1087 1374 1126 1439 ad
1145 1375 1174 1440 lr.
1193 1377 1213 1439 l.
1230 1383 1317 1441 tuen·

198 1492 271 1557 dum
306 1493 399 1576 affert.
448 1490 667 1575 Repouendum
702 1489 832 1555 arbitror
854 1496 906 1566 ὡς
931 1527 974 1536 -
998 1491 1208 1571 καταλύουσι,
1236 1490 1316 1574 quod

197 1629 292 1691 quum
330 1607 405 1672 male
442 1605 606 1672 haberetur
635 1627 690 1690 pro
722 1604 898 1690 participio,
938 1609 980 1680 ὥς
1013 1609 1165 1668 mutatum
1196 1604 1317 1669 videtur

196 1723 230 1786 in
253 1732 335 1801 τοῖς.

240 1835 315 1921 Cap.
340 1838 382 1902 82
412 1837 429 1920 b
454 1838 484 1900 1.
520 1833 750 1919 Supplendum:
773 1839 828 1900 καὶ
852 1834 1033 1919 ξυμμαχίας
1063 1835 1131 1915 ἅμα
1152 1833 1316 1917 ἑκατέροις

198 1950 277 2033 (ἐπὶ)
305 1959 344 2034 τῇ
370 1957 436 2033 τῷν
468 1951 627 2018 ἐναντίων
655 1954 792 2014 κακώσει
820 1953 885 2012 κτὲ.
931 1944 1025 2008 Nudo
1057 1943 1168 2007 Dativo
1201 1943 1316 2008 Graece

195 2063 295 2148 ficem
321 2060 483 2146 significari
512 2081 597 2145 posse
628 2060 707 2126 haud
744 2058 830 2124 facile
854 2059 980 2123 credam.
1026 2057 1212 2142 Praepositio
1238 2068 1320 2126 em

195 2175 277 2238 inter
298 2173 401 2237 literas
425 2174 598 2238 consimiles
624 2183 716 2243 CTH
736 2172 824 2237 facile
848 2172 949 2256 periit.
996 2171 1140 2235 Similiter
1162 2194 1262 2258 praep.
1284 2181 1317 2249 ἐς

196 2286 338 2371 absorpta
361 2292 407 2350 est
430 2285 644 2350 terminatione
669 2285 807 2349 vocabuli
829 2287 997 2370 praegressi
1020 2288 1072 2371 §3
1097 2286 1149 2351 ubi
1174 2292 1205 2363 ἐς
1220 2292 1318 2354 ἀκου-

195 2405 266 2476 σίας
288 2403 433 2481 ἀνάγκας
459 2400 654 2484 (ἐσ)πίιττειν
676 2399 828 2486 Graecum
848 2409 893 2464 est
912 2406 944 2463 et
959 2399 1200 2486 Thucydidcnm,
1219 2425 1317 2488 neque

195 2515 314 2580 ratione
337 2514 424 2580 valde
441 2513 555 2580 diversa
570 2516 586 2600 b
602 2517 622 2579 3
638 2522 709 2580 ante
724 2520 866 2603 βίαιος
889 2516 1081 2594 διδάσκαλος
1098 2515 1190 2600 periit
1205 2519 1247 2604 βί
1256 2545 1313 2595 ου,

195 2629 276 2712 quod
303 2630 335 2693 iu
363 2630 464 2695 codice
490 2630 621 2714 quodam
648 2629 811 2694 Parisiensi
836 2651 914 2695 man.
939 2632 958 2693 2
983 2629 1220 2714 superscriptum
1244 2630 1316 2695 olim

195 2743 326 2828 repperi,
350 2744 412 2807 sive
437 2744 473 2808 de
497 2745 671 2809 coniectura
687 2751 741 2808 aut
751 2741 970 2826 interpretandi
983 2764 1073 2806 causa
1085 2742 1239 2822 additum,
1253 2744 1317 2808 sive

195 2879 233 2920 ex
249 2857 417 2942 antiquiore
441 2858 543 2943 aliquo
564 2856 641 2921 libro
665 2859 807 2942 petitum.
832 2855 966 2919 Eandem
991 2855 1128 2919 voculam
1148 2856 1319 2942 requirebat

81 2983 88 3006 ·'
198 2971 327 3056 Kriiger.
352 3009 395 3021 -
425 2975 485 3058 §2
516 2974 573 3049 ἕως
603 2979 646 3041 άν
670 2983 690 3057 η’
718 2976 798 3055 αὐτὴ
825 2977 916 3054 φάσις
940 2975 1126 3056 ἀνθρώπων
1150 2967 1180 3057 ἦ.
1226 2967 1318 3034 Hunc

195 3087 355 3151 flosculum
379 3087 528 3172 decerpsit
551 3086 611 3151 Dio
634 3085 669 3152 0.
694 3084 836 3151 XXXVI
859 3107 885 3149 c.
903 3087 961 3162 20,
984 3086 1031 3164 (ut
1047 3086 1064 3168 b
1081 3085 1100 3149 3
1115 3083 1152 3146 ad
1171 3093 1318 3152 καινοῦσ·

197 3213 257 3268 θαι
288 3230 317 3268 τ.
352 3205 383 3269 d·
410 3201 545 3266 conferre
569 3200 664 3285 possis
688 3199 812 3264 XLVII
834 3201 856 3262 4
876 3199 893 3282 ᾧ
914 3196 961 3285 3).
996 3197 1043 3263 Ib.
1067 3201 1316 3282 ἀμείνουςτάς

197 3322 328 3401 γνώμας
340 3319 458 3403 ἔχουσι.
479 3315 629 3380 Graecum
641 3322 857 3399 estdpecoor
867 3321 932 3381 κτὲ.
946 3350 990 3360 —
1001 3313 1018 3396 b
1031 3313 1051 3377 3
1067 3311 1144 3395 grati
1157 3310 1319 3396 accipimus

197 3451 214 3490 a
246 3428 393 3515 Dionysio
424 3427 493 3493 Hal.
525 3431 685 3514 πολλὴν
715 3430 782 3514 (pro
809 3430 904 3514 πολιί)
932 3465 972 3476 -
1000 3435 1058 3512 τὴν
1083 3427 1319 3514 ὑπερβολήν.ῒ

198 3543 271 3607 Mox
304 3544 334 3609 in
366 3543 463 3608 verbis
486 3546 588 3630 τόλμα
612 3550 671 3629 μὲν
699 3551 759 3628 γὰρ
783 3544 951 3625 ἀλόγιστος
975 3543 1111 3629 ἀνδρεία
1135 3542 1319 3626 φιλέταιρος

199 3665 405 3745 ἐνομίσθη
429 3660 597 3743 corrigatur
621 3663 868 3744 ὠνομάσθη,
892 3678 981 3741 quam
1004 3655 1164 3719 lectionem
1186 3662 1216 3717 et
1237 3654 1321 3718 sobo·

197 3775 302 3853 liasta,
330 3775 382 3858 qui
408 3783 679 3862 προσηγόρευσαν,
707 3781 740 3838 et
763 3772 927 3854 Dionysius
951 3769 1012 3848 Η.,
1033 3769 1087 3853 qui
1111 3770 1248 3836 ἐκάλουν
1273 3769 1320 3832 irr-

197 3893 393 3971 terpretatur,
418 3896 449 3951 et
473 3887 621 3951 Salustius
645 3888 680 3951 B.
703 3884 737 3950 O.
759 3908 783 3950 c.
808 3886 868 3964 52,
894 3885 946 3970 qni
971 3885 1000 3949 h.
1016 3885 1035 3948 l.
1068 3883 1190 3948 imitans
1214 3882 1319 3948 scribIt

197 4008 343 4080 vocator,
371 4000 511 4066 habuisse
537 4006 606 4064 ante
628 4000 730 4064 oculos
755 4006 923 4075 constat.†
956 3997 1035 4063 Ibid.
1061 4000 1075 4081 §
1099 3999 1118 4063 5
1142 4005 1160 4064 ὁ
1185 3988 1321 4067 εἰτικε·

199 4119 348 4196 λεείσας
374 4122 429 4184 τὸν
456 4127 505 4202 μὴ
535 4118 776 4199 διανοούμενον.
808 4111 984 4196 Thucydide
1012 4111 1140 4197 dignum
1167 4112 1274 4177 fuerit:
1304 4119 1321 4181 o‘

199 4233 463 4309 ἐπικυλκίσας
482 4237 538 4298 τὸν
564 4233 664 4317 μηδὲ
686 4231 931 4313 διανοούμενον,
954 4250 1030 4311 quae
1046 4230 1216 4314 ὀξυμώρως
1242 4227 1321 4291 dicta

198 4346 391 4431 accipiantur.
437 4344 486 4408 Ad
507 4344 695 4412 εἰιικιολάειν
716 4343 753 4408 cf.
774 4341 821 4403 VI
846 4345 886 4407 17
910 4342 970 4426 b5.
995 4352 1016 4420 †
1039 4340 1173 4406 Ibidem:
1198 4346 1234 4409 oo
1259 4347 1319 4426 γάρ

197 4469 277 4547 μετὰ
307 4473 374 4529 τῶν
410 4461 562 4545 κειμένων
595 4467 701 4544 νόμων
732 4459 918 4541 ὠφελίας
949 4463 984 4524 αἱ
1015 4467 1164 4524 τοιαῦται
1187 4457 1318 4535 §duodus

198 4576 282 4642 ἀλλά
314 4579 402 4664 παρὰ
429 4579 502 4653 τούς
530 4580 738 4648 καθεστῶτας
766 4572 1010 4656 πλεονεξίᾳ.
1056 4569 1196 4635 Conieci:
1226 4569 1320 4657 ὠφέ-
