3190 5232
737 493 777 558 65

179 688 259 744 tasse
279 680 491 764 corrigendum
511 687 768 768 αντιστήτῆ,
792 681 813 744 i.
837 691 1090 772 συναντήτην.
1119 685 1237 750 Diversi
1251 709 1305 771 ge·

179 796 260 860 neris
284 803 329 859 est
355 795 437 881 quod
464 795 578 878 legitur
604 795 632 856 V
658 798 700 861 80
724 794 794 858 init.

224 906 295 993 Cap.
323 912 385 974 112
407 915 484 973 extr.
509 911 606 984 εόθός
625 908 708 991 [ἄνω
725 911 795 994 καί]
818 916 870 978 ἐπὶ
891 917 931 976 τοί
946 913 1088 996 μετέωροι
1101 919 1167 999 τῆς
1183 917 1302 994 πόλεως

184 1033 346 1109 ἐτράπετο.
368 1022 477 1107 †Cap.
495 1021 570 1088 med.
588 1032 632 1110 τῷ
649 1028 746 1112 τείχει
765 1032 946 1092 πεπτωκότι
971 1034 1038 1092 καὶ
1057 1037 1095 1092 σι’
1106 1030 1303 1115 κοδομου·

182 1141 302 1224 μένῳ.
325 1137 362 1201 L.
387 1139 876 1224 advocandopoops'cp.†
906 1137 953 1202 Cf.
977 1160 1004 1203 v.
1023 1162 1047 1204 c.
1066 1140 1083 1204 1
1105 1143 1146 1206 89
1168 1143 1233 1226 53,
1253 1143 1305 1208 ubi

183 1274 239 1336 pro
261 1254 490 1336 ἀνοικοδομεῖν
515 1252 547 1314 in
568 1250 768 1336 Lugdunensi
793 1273 947 1336 perperam
965 1264 1011 1316 est
1027 1253 1152 1319 verbum
1168 1256 1305 1342 simplex.

228 1364 301 1451 (lap.
335 1369 397 1430 113
429 1367 446 1450 d
475 1369 503 1430 l.
536 1372 566 1433 οί
591 1369 624 1433 δι’
654 1375 849 1452 πράσσοντες
873 1373 927 1434 καὶ
953 1367 1001 1444 οἶς
1026 1381 1158 1436 ταῦτα
1185 1380 1305 1456 ἤρεσκε.

184 1481 250 1545 Imo
278 1487 409 1550 ταότὰ
429 1488 487 1560 (sc.
515 1492 581 1558 τοῖς
604 1492 827 1568 πράσσουσιν).

229 1596 315 1659 Extr.
339 1617 403 1680 cap.
427 1598 611 1681 κατέφυγον
639 1598 673 1663 δὲ
699 1602 843 1664 καὶτῶν
869 1604 1063 1683 Τορωναίων
1089 1607 1121 1674 ἐς
1140 1603 1304 1686 αυτούς,

184 1710 293 1776 Malim
314 1718 327 1777 ἕ
338 1739 353 1786 ε·
377 1715 498 1789 αὐτὸ,
519 1732 561 1775 80.
578 1719 614 1778 τὸ
635 1718 802 1797 φρούριον·
820 1733 889 1775 nam
907 1703 1090 1795 κατέφυγον
1108 1714 1184 1800 παρ’
1200 1719 1305 1802 Ἀθη-

186 1832 298 1904 Wi⁰vs¹
320 1824 368 1908 (⁰f·
392 1827 456 1890 114
477 1828 525 1908 §1
552 1835 583 1888 et
607 1827 672 1908 §ll
688 1831 718 1901 ἐς
732 1833 767 1892 τὸ
781 1832 948 1911 φρούριον,
970 1847 1031 1890 non
1052 1848 1123 1891 vero
1143 1833 1181 1904 ἐς
1199 1827 1307 1914 Ἀθη-

187 1949 309 2019 ναίους.

231 2053 300 2140 Cap.
326 2056 388 2120 115
409 2054 475 2119 init.
498 2052 544 2118 cf.
570 2053 608 2116 ad
632 2053 667 2116 Π
692 2055 733 2119 86
758 2060 836 2116 extr.
857 2050 930 2137 Cap.
952 2056 1015 2118 116
1034 2051 1203 2138 Ἀθηνᾶς.
1228 2053 1308 2118 Vide

189 2168 227 2232 ad
251 2168 286 2231 ΙΙ
315 2171 356 2235 15
381 2169 459 2264 med.

231 2282 303 2369 (lap.
332 2287 392 2350 117
418 2284 434 2366 δ
459 2287 489 2348 1.
517 2287 767 2367 νομίσαντες-
792 2288 861 2348 καί
886 2285 1049 2368 ξυμβῆναι
1073 2288 1113 2348 τοί
1137 2285 1246 2350 πλείω.
1269 2280 1306 2346 Ιι.

187 2405 271 2466 κᾶν.
296 2397 369 2462 Mox
390 2400 403 2480 5
421 2401 439 2462 2
457 2403 504 2473 ὡς
525 2400 573 2464 ἔτι
591 2399 760 2482 Βρασίδας
782 2400 916 2483 εότιίχιι.
942 2394 1051 2460 Veram
1069 2396 1230 2460 lectionem
1247 2399 1306 2472 ἕως

186 2519 285 2576 servat
307 2512 477 2576 Scholiasta
499 2510 537 2574 ad
558 2513 608 2574 Ar.
634 2509 705 2574 Pac.
730 2512 805 2575 487.
830 2508 875 2575 Ol
901 2509 998 2574 Cobet
1021 2510 1058 2574 ad
1076 2511 1189 2596 Hyper.
1207 2534 1237 2594 p.
1252 2513 1305 2577 51.

231 2623 302 2710 Cap.
332 2628 395 2692 118
429 2625 498 2690 init.
524 2625 616 2688 Recte
640 2623 695 2688 Kr.
720 2623 827 2688 verba:
852 2635 921 2704 τοῖς
944 2634 1003 2708 μὲν
1029 2629 1304 2712 Λακεδαιμονίοις

187 2779 231 2790 -
251 2768 581 2830 προσκηρυκευομινοι
606 2743 762 2826 transponi
785 2742 874 2806 iussit
894 2750 967 2806 ante
984 2742 1074 2806 verba
1089 2750 1160 2829 περὶ
1176 2749 1235 2828 μὲν
1251 2755 1306 2810 τοῦ

189 2863 272 2944 ἱεροῦ
302 2866 364 2925 κτὲ.
416 2856 485 2937 Quo
515 2857 612 2936 facto,
637 2856 726 2921 simul
749 2857 782 2921 in
807 2857 854 2920 his
879 2855 976 2920 verbis
1001 2856 1136 2920 deleatur
1158 2855 1307 2922 emblema

189 2975 279 3038 δοκεῖ
299 2981 395 3057 ἡμῖν,
415 2971 481 3034 loco
498 2970 557 3034 iam
574 2970 738 3055 depravato
750 2971 898 3035 insertum
910 2970 947 3065 ab
960 2970 1186 3056 interpretibus.
1202 3012 1242 3022 «-
1258 2970 1303 3035 Ib

188 3085 206 3170 ό
242 3087 278 3160 8,
303 3083 336 3148 cf.
363 3083 502 3149 ad117
528 3087 545 3168 d
571 3088 599 3149 1.
621 3122 663 3132 --
684 3085 731 3149 Ib.
754 3087 771 3170 δ
793 3088 844 3151 19.
869 3085 1022 3150 Forsitan:
1058 3091 1186 3172 πρῶτον
1214 3092 1308 3170 περί

191 3213 261 3285 τῆς
294 3207 462 3288 εἰρήνης
492 3201 734 3286 βουλεύσασθαι
766 3202 972 3287 Ἀθηναίους
1006 3199 1084 3266 καθ’
1111 3204 1162 3267 ὃτι
1186 3206 1229 3267 ἂν
1258 3203 1308 3286 ε’ίη
1380 3211 1383 3218 ’

191 3318 257 3401 (pro
281 3318 360 3404 ι’σίη)
384 3326 402 3399 ἡ
424 3322 575 3404 πρεσβεία
602 3317 687 3404 [περί
713 3328 767 3400 τῆς
792 3317 994 3392 καταλύσεως
1018 3327 1072 3384 τοῦ
1097 3316 1268 3404 calippo}

235 3431 305 3517 Gap.
328 3434 390 3497 122
414 3438 489 3495 extr.
515 3432 664 3509 Κλέωνος
683 3439 794 3518 γνώμη
815 3431 951 3513 [aaroni
963 3432 1085 3514 ντες].
1111 3428 1308 3514 Participinm

190 3567 288 3631 neque
312 3545 427 3608 lectum
453 3568 470 3608 a
493 3543 581 3608 Valla
603 3567 702 3628 neque
726 3547 758 3609 in
782 3546 838 3610 hac
861 3544 991 3610 formula
1016 3545 1171 3609 usitatum.
1190 3542 1308 3608 01111

73 3677 79 3689 ⁰
192 3662 246 3727 50.
286 3660 367 3725 Male
392 3658 448 3725 Kr.
477 3659 618 3724 obmovet
642 3659 742 3724 locum
770 3660 786 3724 I
812 3662 852 3726 78
880 3662 896 3742 δ
922 3665 960 3736 1,
984 3660 1035 3744 qui
1062 3668 1109 3724 est
1136 3667 1203 3723 toto
1227 3658 1309 3722 coelo

191 3774 338 3840 diversus.
666 3847 670 3856 ἱ

236 3889 308 3974 Cap.
334 3893 398 3956 123
421 3895 435 3974 §
458 3894 486 3956 l.
511 3895 629 3977 Μένδη
645 3895 822 3974 οίφίσταται
844 3895 963 3968 αυτόν,
989 3891 1084 3966 πόλις
1105 3894 1139 3958 ἐν
1160 3900 1200 3976 τῇ
1215 3890 1310 3956 Παλ-

191 4009 285 4095 λήνη,
308 4008 481 4094 Ἐρετριῶν
498 4009 642 4074 οίποικία.
676 4005 769 4070 Plura
784 4006 923 4090 apposita
936 4003 1048 4068 Graece
1070 4005 1242 4088 iunguntur
1257 4026 1310 4088 per

190 4121 326 4186 voculam
350 4123 397 4201 δι’,
424 4143 515 4204 quare
537 4120 722 4204 scripserim:
748 4119 919 4208 Ἐρετριῶν
945 4121 1003 4203 (δ’)
1030 4125 1178 4188 οὶποικίοι.
1202 4157 1245 4168 -
1262 4118 1308 4182 Ib.

189 4239 207 4320 ό
231 4240 250 4301 2
271 4235 422 4320 suspicor:
447 4238 497 4302 διὸ
521 4243 576 4302 καί
598 4241 629 4302 οί
652 4237 818 4303 Μενδαῖον
841 4236 966 4321 μᾶλλον
992 4238 1185 4322 ἐτόλμησαν,
1201 4243 1260 4317 τήν
1277 4260 1310 4300 τε

193 4351 262 4434 [τοῦ
287 4372 346 4414 om.
372 4349 459 4414 codd.
484 4349 523 4414 It.
549 4357 579 4412 et
606 4348 691 4432 Vae]
722 4349 890 4434 Βρασίδου
915 4355 1046 4434 γνώμην
1071 4354 1208 4432 όρὼντες
1232 4350 1311 4413 ἐτοί-

191 4495 269 4552 μην,
294 4473 537 4552 τεκμαιρόμενοι
562 4470 617 4531 καί
640 4467 704 4530 circo
728 4473 783 4546 τῆς
806 4470 960 4547 Σκιώνης
983 4468 1033 4528 ότι
1057 4467 1093 4527 ου
1120 4461 1310 4548 προνδίδου,

196 4588 251 4649 καὶ
276 4585 342 4666 ἅμα
365 4587 428 4648 τῶν
451 4587 659 4666 πρασσόντων
680 4582 786 4662 σφίσιν
807 4578 925 4659 όλίμων
954 4577 1015 4664 [τε]
1041 4584 1143 4648 ὄντων
1168 4582 1238 4642 καί
1261 4581 1312 4652 ὡς

1158 4692 1178 4758 5
