3190 5232
290 674 381 738 λεια
405 708 445 716 -
470 669 719 744 πλεονεξία,
745 665 781 730 cl.
807 687 871 751 eap.
898 667 938 731 95
962 671 1355 757 σκίαεόντεςχὰρὸμοροι
1373 713 1411 722 .-

287 786 410 870 μεγάλη
432 782 591 866 ὠφελία
616 779 646 862 (l.
673 779 870 862 cipitata)
896 779 1026 846 ἐδόκουν
1052 777 1135 846 εἶναι
1160 788 1225 846 κτὲ.

333 896 405 982 (lap.
431 898 472 963 85
490 895 558 964 init.
575 880 769 980 Κερκυραῖοι
788 900 955 970 τοιαύταις
971 897 1081 978 ὀργαῖς
1105 905 1197 972 ταῖς
1223 903 1411 982 πρώταις

288 1134 574 1212 τοῖςπρῶτοι,
599 1123 619 1188 i.
636 1146 661 1186 e.
683 1121 789 1209 primi
812 1121 965 1187 omnium.
1013 1179 1017 1186 .

332 1239 403 1324 Cap.
428 1242 469 1304 88
494 1245 571 1302 extr.
620 1236 696 1298 Vide
719 1235 787 1301 adn.
811 1235 849 1298 ad
874 1236 914 1301 25
939 1242 1016 1299 extr.

331 1354 403 1438 Cap.
430 1356 471 1419 90
494 1359 568 1415 extr.
593 1356 646 1416 καί
662 1357 742 1435 μετὰ
758 1351 843 1418 τοῦτ’
862 1350 1069 1418 ἐπελθόντων
1087 1356 1117 1416 οἱ
1133 1360 1311 1434 Μεσσήνιοι
1329 1354 1409 1437 [τῶν
1466 1351 1469 1358 ⁴

288 1497 320 1534 τε
348 1471 546 1553 Ἀθηναίων
571 1472 624 1531 καί
651 1471 715 1532 τῶν
741 1466 928 1552 ξυμμάχων]
952 1473 1208 1552 προσεχώρησαν.
1245 1466 1410 1530 Mariilesto

287 1579 465 1644 emblemate
489 1576 644 1660 legitimus
671 1576 830 1640 verborum
856 1576 930 1639 ordo
954 1576 1102 1641 turbatur,
1137 1577 1215 1657 Quia
1226 1588 1326 1644 autem
1341 1603 1410 1665 pro-

287 1694 368 1756 xime
391 1698 620 1776 praeeesserunt
644 1689 789 1754 voeabula
805 1695 835 1757 οἱ
859 1693 887 1757 δ’
915 1691 1099 1777 Ἀθηναῖοι
1117 1699 1171 1758 καὶ
1190 1700 1222 1763 οἱ
1240 1700 1408 1786 ξύμμαχοι,

287 1812 454 1876 Genetivus
478 1811 634 1875 absolutus
656 1808 772 1872 nullum
797 1810 913 1893 patitur.
936 1809 1183 1873 additamentum.
1312 1883 1315 1888 1

332 1926 403 2011 Cap.
439 1929 479 1992 92
509 1925 588 1990 med.
620 1924 739 2008 supple:
771 1925 876 2002 καλῶς
904 1927 970 2007 (ἂν)
999 1927 1108 2016 αὐτοῖς
1133 1926 1280 2008 ἐδόκειή
1311 1925 1405 2001 πόλις

287 2047 522 2108 καθίστασθαι.
570 2039 668 2122 Prope
691 2039 796 2101 finem:
823 2044 877 2104 καί
896 2041 1035 2123 ἤρξαντο
1059 2037 1156 2120 [κατὰ
1182 2039 1405 2123 Θερμοπύλας]

286 2157 357 2223 κατ’
384 2161 461 2224 αότό
483 2161 519 2221 τό
542 2159 653 2221 στενόν
677 2160 741 2220 ure.
788 2151 900 2216 Vereor
929 2175 967 2216 ne
990 2160 1025 2220 τὸ
1056 2159 1166 2221 στενόν
1187 2152 1335 2237 pepererit
1358 2151 1408 2215 ad·

287 2270 498 2334 ditamentum.

261 2371 263 2378 ¹
331 2384 403 2469 Cap.
430 2386 472 2450 94
496 2390 570 2447 extr.
619 2381 698 2446 Vide
722 2381 793 2446 adn.
809 2381 845 2444 ad
871 2381 905 2444 ΙΙ
930 2383 980 2446 96.

330 2499 401 2585 Cap.
424 2499 463 2563 95
487 2499 503 2582 5
521 2500 549 2560 1.
574 2499 708 2563 ἐδόκουν
726 2533 768 2543 -
782 2498 1017 2578 ξυστρατεύειν.
1051 2494 1133 2578 Lege
1150 2500 1405 2582 ξυστρατεόσειν.

328 2613 400 2698 Cap.
431 2614 471 2677 98
496 2610 571 2674 med.
603 2616 634 2687 ἐς
659 2621 716 2694 τὴν
744 2610 825 2696 όλην
849 2648 889 2656 -
908 2614 987 2677 ὃθεν
1012 2610 1203 2687 διέξοδοι
1228 2615 1284 2678 οὐκ
1308 2612 1408 2697 ἦσαν.

282 2728 350 2791 Ιωο
378 2730 532 2805 ἔξοδοι.
555 2724 799 2809 Praepositiones
822 2726 876 2790 διὰ
900 2731 931 2786 et
956 2727 1000 2801 ἐξ,
1029 2732 1063 2787 ut
1077 2745 1166 2808 saepe
1183 2725 1318 2789 ascribis
1331 2748 1401 2792 eon·

281 2840 472 2918 funduntur,
495 2839 540 2902 ita
562 2839 642 2902 haud
667 2860 731 2901 raro
754 2844 808 2900 aut
830 2837 951 2900 iunctae
975 2838 1187 2922 reperiuntur,
1212 2838 1264 2903 ubi
1288 2839 1404 2904 alteru-

283 2933 363 3018 trum
386 2953 554 3037 genuinum
579 2960 641 3028 est,
665 2962 718 3017 aut
743 2959 886 3038 peccatur
909 2953 942 3015 in
966 2960 1082 3035 partem
1108 2955 1300 3020 contrariam.

328 3068 400 3152 (lap.
428 3070 490 3133 101
519 3069 536 3152 ᾧ
559 3070 588 3131 2.
615 3074 742 3154 πρῶτον
764 3073 823 3152 μὲν
848 3065 932 3152 [οὖν]
952 3073 1025 3145 τοός
1044 3075 1187 3156 ὁμόρους.
1214 3071 1327 3136 Vocula
1343 3069 1401 3140 σόν

284 3181 452 3246 rectissime
480 3180 605 3246 abesta
639 3180 724 3246 libris
757 3181 966 3246 deterioribus.
1014 3182 1125 3246 Eadem
1153 3184 1401 3269 operaIV104

283 3303 358 3362 extr.
383 3296 499 3380 corrige
524 3295 628 3360 verba:
656 3303 710 3363 καὶ
736 3297 886 3383 &poetam
911 3305 1037 3379 φθάσαι
1059 3299 1197 3382 μάλιστα
1220 3307 1279 3384 μὲν
1309 3298 1397 3385 [οὖν]

285 3422 343 3499 τὴν
368 3415 571 3500 Ἀμφίπολιν
596 3423 659 3481 nrt.
680 3451 725 3460 ω
748 3411 786 3476 In
807 3413 865 3475 fine
882 3411 989 3497 eapitis
1013 3411 1148 3476 deleatur
1168 3413 1297 3476 alterum
1324 3419 1400 3499 ὁμη-

284 3556 358 3616 ρους
382 3528 459 3592 male
483 3527 657 3612 repetitum.

327 3641 399 3728 Cap.
435 3645 497 3708 102
521 3645 538 3726 φ
561 3644 591 3707 3.
620 3640 696 3704 Dele
720 3639 969 3725 praepositionem
992 3641 1101 3705 vitiose
1122 3631 1261 3706 iteratam
1277 3642 1311 3705 in
1330 3641 1398 3704 his:

283 3759 354 3824 αλλ’
378 3764 409 3834 ἐς
432 3757 578 3825 Αἰολίδα
607 3764 664 3838 τὴν
687 3766 745 3822 νῦν
770 3755 974 3841 καλουμένην
1003 3755 1189 3822 Καλυδῶνα
1214 3761 1268 3822 καὶ
1293 3754 1400 3821 Πλευ·

283 3881 372 3961 ρῶνα
396 3879 450 3941 καί
474 3873 533 3957 [ἐς]
553 3879 592 3940 τὰ
611 3874 710 3958 ταύτῃ
729 3875 828 3957 χωρία
845 3875 898 3935 καί
917 3876 948 3946 ἐς
964 3876 1126 3957 Πρόσχιον
1146 3879 1200 3952 τῆς
1217 3870 1398 3946 Αἰτωλίας.

283 3986 327 4053 Of.
355 3990 396 4056 98
420 3995 495 4052 extr.
1461 4052 1465 4057 ,

327 4111 347 4178 †
380 4101 454 4186 Cap.
484 4104 547 4167 104
581 4102 598 4184 ᾧ
633 4103 663 4164 2.
697 4107 755 4183 τὴν
781 4101 993 4186 πεντετηρίδα
1017 4133 1060 4145 -
1086 4098 1140 4180 [τό
1165 4101 1297 4184 Atilia}
1338 4099 1397 4184 By·

283 4215 414 4279 zantinis
447 4216 574 4279 fortasse
605 4212 679 4278 utile
711 4212 968 4290 additamentam,
1005 4212 1127 4275 Graecis
1166 4235 1226 4278 non
1265 4217 1349 4278 item.
1382 4213 1398 4290 l

282 4327 354 4413 Oep.
380 4335 455 4395 extr.
476 4334 548 4406 τοός
570 4334 629 4414 μὲν
652 4332 762 4417 χοροός
787 4365 824 4376 -
846 4336 921 4415 μεθ’
948 4333 1068 4415 ἱερῶν
1097 4332 1251 4413 ἔπεμπον.
1273 4329 1396 4393 Malim:

283 4447 457 4529 ἱερείων.

324 4557 398 4646 Gap.
436 4561 499 4626 106
524 4561 542 4643 l
571 4560 599 4623 l.
636 4563 689 4624 καί
718 4563 783 4627 τῶν
809 4562 869 4637 ἔξω
893 4559 1086 4645 ληφθέντων
1111 4566 1260 4649 συχνοί
1285 4569 1397 4629 οἰκεῖοι
