3190 5232
742 507 783 572 69

204 726 291 776 ρους.
326 736 368 745 -
402 694 586 760 Acutissime
611 694 731 778 Kriiger
760 693 912 758 intellexit
936 693 997 776 §4
1031 688 1160 754 everbo
1183 692 1322 778 ξυνταχ·

204 825 316 898 θῆναι,
329 813 450 876 literam
474 840 492 898 χ
515 809 705 874 eximendam
728 831 799 874 esse.
834 807 954 872 Ibidem
977 805 1074 891 primo
1098 803 1210 869 obtutu
1234 802 1320 868 dubi-

202 935 249 993 tes
280 927 318 991 dc
342 926 516 991 sinceritate
539 923 715 989 verborum:
739 927 803 991 a'ao'
826 931 882 991 τοῦ
906 928 1089 1008 προφανοῦς
1116 919 1240 1001 μᾶλλον
1265 923 1320 986 καὶ

200 1034 674 1128 αντιπαραταηθέντος
706 1047 726 1123 ἤ
758 1043 793 1105 ἐκ
821 1046 876 1106 τοῦ
910 1042 988 1123 πρὸς
1019 1040 1180 1121 sinapio
1204 1035 1321 1120 ξυμφέ-

201 1185 313 1242 ροντος
349 1163 413 1223 κτὲ.
453 1157 495 1218 At
525 1153 667 1239 legimus:
691 1151 708 1216 I
732 1155 773 1217 36
797 1155 814 1238 d
840 1155 857 1217 1
883 1157 918 1219 τὸ
941 1155 999 1235 μὲν
1028 1150 1132 1225 δεδιὸς
1156 1186 1199 1196 -
1224 1154 1259 1216 τὸ
1284 1150 1319 1215 δὲ

201 1277 343 1357 θαρσοῦυ
367 1269 399 1351 (i.
425 1291 450 1332 e.
476 1274 512 1335 τὸ
535 1269 678 1336 δεδιέναι
703 1304 746 1314 -
769 1273 805 1333 τὸ
822 1265 982 1353 θαρσεῖν),
1006 1263 1023 1328 Ι
1047 1266 1110 1329 142
1135 1265 1152 1348 d
1175 1266 1195 1327 4
1219 1268 1253 1330 ἐν
1275 1270 1319 1350 τῷ

199 1386 437 1472 μὴκμελετῶντι
461 1383 494 1466 (i.
519 1405 545 1448 e.
570 1383 732 1466 μελετᾶν),
759 1380 794 1445 ΙΙ
809 1381 860 1446 ’63
884 1381 901 1464 ᾧ
926 1382 943 1443 1
971 1389 1015 1464 τῷ
1040 1379 1209 1464 τιμωμένῳ
1231 1376 1267 1458 (i.
1293 1397 1317 1442 e.

200 1509 244 1586 τῷ
269 1499 459 1582 τιμᾶσθαι),
483 1497 510 1558 V
535 1501 553 1558 9
580 1497 674 1580 (mox)
693 1505 748 1563 τοῦ
767 1497 950 1563 ὑπαπιέυαι
976 1494 1076 1560 πλέον
1093 1499 1114 1576 ἤ
1133 1498 1188 1558 τοῦ
1205 1491 1320 1575 μένον·

199 1639 253 1690 τος
278 1611 309 1694 (i.
334 1634 359 1678 e.
388 1620 442 1679 τοῦ
470 1614 606 1696 μένειν),
637 1611 664 1671 V
690 1613 753 1677 102
781 1616 861 1695 μετὰ
889 1617 943 1676 τοῦ
972 1595 1136 1694 δρωριέυου
1160 1604 1194 1688 (i.
1212 1626 1237 1668 e.
1261 1610 1317 1670 τοῦ

200 1730 366 1814 δρᾶσθαι).
393 1727 443 1790 Ad
465 1748 592 1811 quorum
617 1726 750 1792 locorum
777 1724 946 1809 exemplum
971 1726 1035 1789 αἰιό
1059 1729 1114 1790 τοῦ
1140 1723 1320 1806 ἀντιπαρα-

199 1845 379 1931 ταχθέυτος
403 1842 518 1907 dictum
543 1863 608 1906 esse
632 1847 732 1925 potest
751 1861 804 1925 pro
824 1843 888 1906 α’πὸ
908 1846 963 1906 τοῦ
983 1839 1317 1927 οἰυτιπαραταχθῆυαι

201 1956 245 2038 (ia
259 1979 284 2022 e.
310 1959 344 2036 ἐξ
367 1959 678 2041 α’ντιπαρατάξιως).
706 1955 743 2018 In
767 1953 827 2018 alio
851 1952 958 2036 quovis
982 1949 1125 2035 scriptore
1141 1945 1318 2032 suspiceris:

197 2077 284 2148 ὅστις
311 2074 345 2139 δὲ
374 2077 431 2148 τὰς
455 2041 607 2148 τοιαιλτας
633 2075 793 2157 ἁμαρτίας
817 2075 880 2138 τῶν
900 2071 1059 2137 ἐναντίων
1077 2064 1221 2132 κάλλιστ’
1240 2065 1318 2132 ἰδὼν

198 2193 253 2252 καὶ
280 2189 348 2272 ἅμα
371 2191 450 2270 πρὸς
478 2191 537 2268 τὴν
567 2170 847 2271 ἑαυτοῦιδιλυαμιν
872 2191 930 2268 τὴν
956 2185 1152 2270 ἐπιχείρησιν
1177 2189 1318 2248 ποιεῖται

197 2308 238 2387 μὴ
273 2303 337 2368 α’πό
372 2308 427 2367 τοῦ
465 2311 651 2386 προφανοῦς
681 2301 806 2386 μᾶλλον
834 2304 889 2366 καὶ
913 2298 1318 2384 α’ντιπαραταχθεέὶς

196 2426 217 2502 ἤ
249 2421 282 2481 ἐκ
306 2425 362 2483 τοῦ
391 2420 469 2502 πρὸς
496 2421 532 2482 τὸ
562 2419 666 2501 παρὸν
690 2415 926 2498 ξυμφέροντος,
952 2413 1076 2479 πλεῖστ’
1103 2417 1146 2478 ἂν
1173 2413 1317 2496 optuitu.

196 2529 320 2593 Etenim
340 2551 401 2595 non
419 2529 607 2594 intellectum
622 2525 854 2614 Nominativum
872 2526 954 2590 inter
971 2525 1046 2590 duos
1058 2523 1225 2589 Genetivos
1240 2551 1318 2608 προ-

197 2651 318 2728 φανοῦς
330 2649 361 2707 ct
376 2646 596 2730 ξυμφέροντος
612 2665 630 2706 a
647 2642 738 2706 sciolo
754 2642 786 2706 in
804 2640 986 2706 Genetivum
1007 2645 1157 2704 mutatum
1176 2660 1316 2702 essenon

196 2759 275 2822 foret
290 2757 372 2842 quod
383 2778 567 2841 magnopere
584 2755 773 2821 miraremur.
789 2758 934 2821 Attamen
945 2754 1026 2840 apud
1042 2761 1180 2820 nostrum
1195 2757 1318 2838 propter
1404 2739 1407 2743 ¹

196 2873 346 2940 scribendi
364 2894 452 2938 usum
470 2872 561 2936 modo
579 2879 777 2936 memoratum
803 2871 899 2936 satius
914 2870 1007 2936 fuerit
1024 2893 1041 2934 a
1058 2869 1219 2934 durissima
1233 2868 1317 2932 locu·

196 2990 279 3054 tione
295 2989 448 3054 abstinere
465 3009 597 3052 manum.
614 3026 654 3035 -
667 2987 713 3051 Ib.
729 2988 745 3071 ᾧ
759 2987 777 3052 5
796 2987 887 3065 ἐλπὶς
908 2993 967 3069 γὰρ
981 2986 1121 3069 μάλιστα
1138 2983 1172 3070 (l.
1187 2985 1315 3068 μάλιστ’

195 3108 251 3190 ἂν)
269 3109 386 3181 αὐτούς
403 3107 485 3170 οὕτω
501 3108 739 3190 φοβηθῆναι.
767 3100 908 3164 Fortasse
932 3123 993 3164 non
1009 3096 1178 3183 spernenda
1193 3102 1240 3161 est
1255 3097 1317 3161 leo-

196 3219 239 3283 tic
263 3218 350 3282 codd.
375 3216 556 3296 deteriorum
581 3225 667 3286 ΙιΟΡ
691 3220 923 3302 θορυβηθῆναι
947 3237 1001 3299 pro
1024 3220 1224 3302 φοβηθῆναι.
1264 3212 1313 3276 Al·

197 3339 298 3396 terum
322 3330 449 3395 verbum
472 3352 533 3394 non
557 3337 603 3394 est
627 3329 753 3394 alterius
776 3329 925 3414 glossema
941 3335 1139 3393 —neutrum
1158 3327 1238 3391 enim
1254 3348 1315 3389 non

195 3455 242 3512 est
266 3447 374 3512 scribis
397 3447 589 3512 notissimum
613 3485 656 3494 —-
679 3445 733 3510 sed
753 3447 1110 3536 ΘΟΒΥΒΗΘΗΝΑΙ
1123 3447 1155 3506 et
1172 3449 1317 3509 ΦΟΒΗ·

198 3566 363 3630 ΘΗΝΑΙ
390 3561 475 3626 facile
506 3583 586 3624 mera
618 3561 787 3644 corruptela
810 3582 907 3625 unum
930 3582 965 3626 ex
990 3559 1083 3623 altero
1106 3557 1188 3622 nasci
1208 3564 1316 3640 potue-

197 3683 289 3755 runt,
320 3673 439 3740 facilius
467 3696 536 3738 vero
559 3672 677 3738 duabus
712 3673 809 3738 literis
832 3673 943 3758 elapsis
974 3672 1030 3736 hoo
1062 3694 1098 3736 ex
1123 3671 1194 3750 illo,
1224 3693 1315 3754 quam

197 3790 314 3854 ratione
329 3790 457 3854 inversa.
483 3787 616 3873 Insuper
628 3793 860 3875 &confinditur
874 3788 924 3852 hic
940 3794 971 3851 et
986 3809 1039 3871 per
1055 3809 1087 3850 se
1101 3785 1204 3871 paullo
1216 3785 1316 3869 aptius

199 3905 320 3970 ridetur
339 3941 382 3954 -
402 3905 473 3969 lieet
493 3904 623 3968 alterum
642 3925 702 3967 non
726 3903 766 3966 sit
787 3903 927 3987 ineptum
942 3939 986 3949 -
1001 3908 1032 3965 et
1055 3900 1123 3964 ideo
1148 3899 1316 3985 praeferen-

200 4020 291 4094 dum,
315 4018 396 4105 quod
420 4019 475 4097 sic,
500 4039 576 4101 quae
600 4040 647 4082 res
670 4025 776 4082 nostro
800 4024 834 4082 ut
857 4016 945 4081 bonis
961 4008 1160 4102 scriptoribus
1175 4015 1315 4080 omnibus

199 4133 283 4197 cordi
296 4140 352 4209 est,
364 4133 461 4216 magis
472 4132 603 4197 variatur
614 4132 721 4197 oratio.
747 4130 792 4197 cl.
806 4130 888 4195 VIII
902 4133 943 4197 96
956 4133 973 4216 ρ
987 4135 1004 4196 1
1019 4137 1049 4194 et
1060 4133 1077 4215 t
1090 4135 1119 4196 2.
1137 4129 1316 4216 Praegressa

200 4247 280 4311 enim
304 4247 395 4310 modo
419 4254 492 4311 sunt
509 4247 611 4312 verba:
631 4253 685 4315 aot
704 4253 786 4316 κατὰ
803 4253 838 4314 τὸ
855 4253 937 4325 εἰκὸς
954 4252 1172 4334 copiosiora
1188 4247 1315 4323 αὐτους.

199 4360 248 4424 Ad
271 4368 502 4449 θορυβηθῆναι
527 4361 564 4427 cf.
590 4384 660 4426 mcx
684 4385 747 4446 cap.
775 4365 817 4428 10
840 4364 857 4447 d
881 4366 898 4425 7
923 4365 1045 4450 ξυνέβη
1061 4401 1104 4411 --
1130 4366 1317 4448 θορυβηθῆι

201 4506 267 4545 ναι.
294 4513 333 4524 —
358 4476 544 4562 Magistellis
568 4501 620 4542 sua
642 4477 824 4542 reddiderim
847 4477 880 4541 in
899 4478 973 4562 ipsis
989 4476 1087 4542 verbis
1104 4474 1316 4562 sequentibus:

201 4597 236 4659 τὸ
264 4599 324 4679 γὰρ
350 4598 441 4662 ἐπιόν
473 4597 603 4680 ὕστερον
628 4597 807 4680 δεινότερον
832 4602 900 4670 τοῖς
926 4594 1092 4677 πολεμίοις
1116 4600 1171 4659 τοῦ
1196 4597 1316 4678 παρόν·
