3166 5230
699 461 762 528 137

168 649 494 739 quinresoribendnm
523 651 564 716 sit
585 656 961 735 περιαγγελοῦσαι.
1011 651 1049 715 In
1074 649 1212 716 Palatino
1241 655 1288 715 est

165 769 456 854 περιαγγέλουσαι,
486 771 517 832 et
540 768 583 832 sic
607 766 699 832 babet
722 767 816 835 Paris.
841 790 936 832 meus.

213 882 288 965 Peg.
315 884 355 947 19
381 905 424 946 vs.
450 882 491 946 13
517 904 571 965 pro
592 889 786 976 permutare
808 883 830 946 1.
853 883 1050 968 permaturi.

211 995 284 1081 Cap.
311 999 376 1064 120
401 997 418 1081 b
442 997 472 1061 5.
497 1003 552 1063 aut
577 1001 625 1064 έτι
642 1001 742 1065 πλεέω
759 999 865 1074 καλῶς
884 999 1042 1066 δοκοῦντα
1060 1000 1285 1084 βουλευθῆναι

168 1119 201 1190 ἐς
225 1103 417 1181 τούναντίον
443 1111 607 1198 [αῖσχρῶς]
634 1115 795 1198 περιέστη.
822 1110 938 1175 Oobeto
959 1110 1079 1194 egregie
1098 1114 1286 1194 expungenti

169 1233 307 1314 αἰσχρῶς
333 1225 444 1289 trustra
466 1223 642 1308 obloquitur
665 1225 795 1310 Kriiger,
820 1225 1003 1289 contendens
1026 1224 1070 1288 sic
1093 1225 1216 1289 interire
1241 1247 1291 1288 vo·

170 1362 235 1404 cem
260 1339 429 1423 oppositam
456 1338 596 1402 adverbio
620 1341 735 1416 καλῶς.
783 1340 878 1420 Quasi
899 1340 952 1404 illa
971 1339 1124 1424 oppositio
1145 1362 1206 1404 non
1230 1335 1290 1405 iam

167 1455 243 1519 insit
269 1453 423 1518 vocabulis
453 1459 484 1531 ἐς
516 1458 723 1531 τούναντίον,
750 1476 877 1538 quorum
905 1461 1042 1542 αἰσχρῶς
1070 1465 1117 1517 eet
1141 1454 1291 1538 interpre-

166 1570 357 1634 tomentum!

211 1684 292 1748 Ibid.
316 1683 354 1748 ad
380 1686 442 1749 121
468 1688 482 1767 §
504 1686 535 1750 3.
580 1684 631 1748 Ita
654 1683 734 1749 Lud.
759 1683 906 1761 Dindorf,
930 1689 965 1747 ut
988 1682 1069 1748 disco
1096 1706 1133 1748 ex
1157 1684 1292 1750 Beklreri

166 1800 215 1865 ed.
239 1799 274 1864 ΙΙ
295 1806 478 1886 stereotypa.

215 1915 290 2000 Oap.
316 1919 379 1981 126
404 1915 421 1999 b
446 1916 475 1980 3.
522 1916 714 1998 ἐπῆλθον
745 1913 917 2000 Ὀλύμπια.
942 1914 1012 1979 Iure
1034 1915 1133 1981 Bekk.
1147 1917 1293 2000 praetulit

174 2032 300 2096 alteram
320 2030 481 2094 lectionem
509 2030 698 2114 ἐπῆλθεν
724 2035 755 2093 et
779 2036 859 2093 recte
882 2029 917 2093 Π
938 2025 960 2096 '8
985 2029 1082 2094 edidit
1103 2031 1197 2114 λόγια
1213 2034 1294 2098 eat-

176 2176 272 2231 γετο
295 2169 349 2231 pro
376 2148 536 2228 ἐλέγοντο.
564 2144 647 2210 Male
671 2144 751 2209 idem
766 2144 906 2209 codicum
922 2144 1082 2209 lectionem
1098 2166 1152 2230 pro
1169 2145 1294 2230 antiqua

175 2262 299 2346 vulgata
325 2260 484 2326 substituit
504 2260 533 2323 V
555 2263 597 2326 62
619 2262 633 2343 §
654 2264 672 2325 2
697 2260 814 2324 edendo
840 2266 1054 2345 ἁμαρτήματα
1076 2261 1291 2342 ἐγένοντο,

102 2449 107 2459 ,
173 2399 231 2440 nee
246 2377 354 2448 melius
367 2375 394 2436 V
409 2377 449 2442 75
467 2375 594 2441 retinuit
608 2384 754 2462 Κάρνεια
775 2380 1013 2462 ἐτύγχανον
1036 2395 1091 2458 pro
1107 2377 1292 2461 ἐτύγχανεν,

171 2499 209 2556 ut
233 2497 279 2556 est
299 2491 330 2555 in
351 2501 390 2567 E,
403 2496 435 2555 et
454 2491 500 2556 VI
521 2492 561 2556 62
580 2490 596 2573 b
620 2493 641 2554 4
667 2491 868 2571 ἐγένοντο
881 2526 924 2537 -
937 2488 1096 2566 τάλαντα,
1119 2488 1173 2554 ubi
1191 2495 1293 2554 contra

173 2605 263 2672 codd.
288 2628 391 2670 omnes
407 2628 468 2669 non
489 2604 690 2669 reformidabo
705 2627 847 2690 reponere
869 2605 939 2686 ἐγέ
949 2633 967 2672 ν
978 2632 1057 2672 ετσ.
1081 2603 1195 2668 Locum
1212 2603 1294 2668 VIII

171 2726 217 2788 10
236 2722 376 2807 Ἴσθμια
392 2757 434 2769 -
452 2720 702 2806 ἐπηγγέλθησαν
727 2718 804 2785 bene
825 2719 942 2783 curavit
958 2720 1034 2796 B.,e
1053 2718 1132 2783 libro
1145 2719 1294 2783 Vaticano

169 2835 336 2902 inserendo
365 2841 435 2920 post
460 2845 520 2919 γάρ
549 2833 693 2899 vocabula
719 2841 763 2900 αἱ
793 2836 927 2903 amaad
936 2841 988 2902 at.
1035 2835 1157 2913 Alium,
1181 2833 1228 2898 VI
1253 2839 1294 2902 86

173 2954 305 3030 ἔδειξαν
328 2955 362 3019 δέ
387 2957 443 3017 aet
466 2951 566 3028 ἄλλα,
596 2956 675 3014 recte
697 2949 826 3014 fortasse
852 2950 1069 3033 interpretatus
1092 2955 1138 3013 est
1162 2949 1296 3032 Kriiger,

173 3090 264 3153 quem
290 3067 440 3133 consulas.
468 3065 592 3131 Gratiae
608 3066 741 3150 agendae
757 3074 828 3130 sunt
854 3066 973 3142 scribis,
997 3064 1078 3149 quod
1099 3087 1161 3129 non
1177 3065 1296 3149 saepius

172 3182 224 3247 his
248 3183 292 3244 sui
319 3182 467 3245 sermonis
489 3180 630 3245 sordibus
650 3179 850 3264 inquinarunt
876 3186 1012 3244 veterum
1037 3179 1160 3263 scripta.
1186 3177 1296 3243 Eusta-

173 3299 275 3363 thium
311 3299 445 3382 aliosque
482 3303 632 3361 extremae
668 3296 776 3360 aetatis
812 3296 974 3380 scriptores
1008 3297 1149 3360 evolvens
1180 3295 1297 3360 videbis

174 3415 259 3477 bunc
278 3435 343 3503 esse
367 3413 518 3512 solennem
540 3411 607 3474 istis
633 3411 783 3476 scribendi
807 3433 932 3476 morem.
978 3412 1073 3476 Plane
1098 3410 1235 3474 diversus
1252 3417 1297 3474 est

174 3530 300 3594 is'usus
320 3551 405 3593 num.
431 3528 530 3604 Plur.‚
556 3527 592 3590 de
620 3549 679 3612 quo
703 3534 838 3591 accurate
861 3532 961 3591 actum
990 3531 1035 3590 est
1062 3549 1078 3588 a
1103 3525 1237 3589 Porsono
1263 3523 1297 3588 in
1410 3577 1412 3583 .

178 3643 327 3708 addendis
352 3642 389 3708 ad
413 3666 471 3708 sec.
495 3643 540 3708 ed.
564 3641 706 3707 Hecubae
730 3665 759 3727 p.
780 3644 821 3708 99
847 3665 890 3727 sq.

224 3758 296 3844 Cap.
323 3760 385 3824 128
409 3759 426 3842 d
452 3759 481 3822 1.
527 3756 684 3821 Vocabula
711 3763 775 3823 ἀπὸ
803 3765 971 3840 Ταινάρου
997 3760 1065 3839 post
1091 3755 1297 3828 Ποσειδῶνος

177 3873 245 3936 inre
268 3879 407 3957 suspecta
435 3872 587 3937 Classeno.
614 3909 657 3919 -
691 3870 737 3935 Ib.
764 3874 779 3953 §
804 3873 833 3934 2.
858 3878 898 3937 τὰ
922 3879 999 3956 πρὸς
1021 3869 1157 3958 βασιλέα
1186 3868 1297 3954 [πρᾶγ

175 3990 279 4075 ματα]
306 3987 485 4073 notuerat
511 3986 558 4053 cf.
582 3986 629 4051 IV
653 3987 694 4052 75
719 3989 735 4070 d
760 3988 780 4049 4
803 3991 835 4048 et
859 3984 905 4047 VI
929 3986 970 4050 88
995 3986 1012 4069 d
1035 3987 1065 4049 4.
1112 3981 1182 4046 Alio
1209 4004 1297 4046 senen

175 4112 352 4188 πράγματα
378 4108 540 4186 usurpatur
563 4101 611 4165 IV
636 4102 676 4165 76
704 4103 718 4182 5
745 4102 775 4164 1.

221 4220 295 4300 Pag.
321 4222 363 4284 20
387 4217 425 4281 ad
450 4219 514 4283 130
544 4220 560 4303 d
585 4221 614 4282 2.
662 4215 812 4281 Graecum
848 4222 895 4278 est
924 4218 1072 4301 κατέχειν
1101 4221 1158 4296 τὴν
1184 4216 1296 4299 ὀργῆν,

177 4337 234 4400 τὸν
259 4339 380 4416 θυμόν,
403 4336 459 4398 τὸν
485 4332 610 4413 γέλωτα
636 4328 765 4407 similia,
791 4334 1012 4411 usurpaturque
1036 4328 1093 4392 hoc
1117 4326 1240 4391 verbum
1261 4326 1298 4388 de

180 4445 287 4530 quovis
311 4444 407 4508 animi
429 4445 545 4530 impetu
570 4442 750 4507 cohibendo.

226 4558 299 4641 Peg.
326 4561 367 4624 21
392 4558 431 4622 ad
448 4560 512 4623 133
528 4561 542 4642 ῆ
560 4561 589 4622 1.
625 4557 718 4622 Recte
742 4563 831 4635 ἐντὸς
848 4558 962 4642 legitur
977 4557 1023 4621 VI
1048 4558 1142 4639 1015
1167 4557 1196 4621 3.
