3166 5230
796 475 858 543 150

267 665 302 730 im
326 663 524 731 concionibus
547 671 652 731 noster
675 666 782 731 sectari
805 665 935 745 assolet3
966 687 1022 730 nec
1050 665 1121 751 quid
1146 672 1227 732 esset
1249 674 1285 736 τὸ
1320 670 1390 758 ἤδη

268 787 422 871 φοβερόν,
447 787 516 866 poet
539 802 574 844 ea
597 801 673 866 quae
696 781 944 866 supradixerat,
968 781 1056 846 facile
1081 805 1261 868 quemqnam
1288 785 1391 870 potnit

268 898 381 964 fallere.
405 934 448 946 -
473 895 546 960 Mox
570 899 587 982 6
611 899 629 960 2
652 896 762 961 iterum
779 897 897 982 requiro
915 898 1046 966 ἕκαστον
1064 919 1119 983 pro
1135 899 1283 979 ἕκαστος,
1309 902 1391 987 quod

270 1013 346 1079 male
369 1011 479 1077 tuebar
500 1032 593 1097 supra
617 1034 646 1096 p.
664 1013 717 1078 58.
751 1012 829 1076 Vera
851 1012 943 1078 lectio
967 1012 1088 1097 saepius
1117 1021 1236 1080 servata
1260 1021 1308 1080 est
1324 1038 1389 1102 cap.
1467 1091 1470 1094 ¹

270 1127 312 1195 59
336 1147 399 1211 sqq.
444 1124 513 1190 Hoc
543 1146 678 1190 errorum
710 1147 806 1210 genus
837 1149 853 1192 e
885 1126 1070 1213 compendiis
1098 1129 1170 1194 oriri
1203 1151 1265 1195 non
1298 1131 1392 1200 semel

271 1242 511 1306 demonstratum
535 1246 581 1304 est
605 1262 623 1305 a
646 1238 776 1304 Cobeto.

314 1357 349 1425 P.
374 1357 416 1423 58
440 1354 478 1422 ad
502 1354 524 1420 f.
549 1357 592 1421 63
615 1357 678 1438 62.
702 1353 843 1420 Fortasse
863 1362 920 1426 ἐᾶν
944 1356 1051 1422 melias
1071 1357 1221 1423 inseretur
1240 1364 1313 1444 post
1331 1363 1392 1445 οἷμ-

269 1475 466 1560 permacra.
516 1469 563 1537 Of.
587 1469 605 1536 I
629 1473 671 1537 82
695 1473 712 1556 p
736 1472 765 1536 2.
1354 1523 1359 1534 .

313 1587 347 1651 P.
367 1587 409 1653 59
425 1585 464 1652 ad
483 1588 524 1651 72
540 1588 556 1672 p
573 1587 602 1651 3.
615 1584 685 1650 oio
702 1584 765 1651 iam
783 1587 821 1649 A.
834 1585 957 1651 Portus.
981 1587 1104 1671 §tiam
1118 1589 1248 1654 correxit
1260 1580 1391 1674 Kriiger.

310 1700 580 1786 111οᾶ7364.
614 1698 660 1764 Of.
677 1699 790 1767 11156
812 1702 1046 1782 ἐθέλοντες
1070 1704 1104 1770 δὲ
1127 1706 1288 1790 τολμᾶν
1311 1714 1392 1791 μετὰ

267 1819 428 1887 κινδύνων
455 1823 521 1883 uri.
550 1852 589 1863 -·
618 1813 718 1879 Locus
745 1815 920 1880 etiamnunc
948 1838 1037 1881 suum
1060 1815 1213 1904 Oedipum
1240 1825 1389 1905 expectat.

266 1933 346 1998 Mihi
369 1937 449 1997 certa
471 1953 533 1995 non
556 1929 649 1994 cessit
672 1929 854 1995 emendatio.
901 1930 1024 1997 Interea
1048 1932 1175 1999 uncinos
1199 1932 1392 2000 circumdabo

268 2071 337 2113 cum
365 2045 491 2112 Reiskio
518 2045 640 2111 voculae
663 2049 719 2112 καί
747 2051 871 2109 etcum
895 2045 1034 2132 Kriigero
1058 2047 1149 2134 verbo
1173 2052 1405 2119 κινδυνεύειν..

269 2161 344 2247 Oap.
368 2161 409 2227 75
434 2166 509 2226 extr.
546 2159 681 2225 Tandem
704 2159 947 2244 obtemperemus
971 2161 1096 2228 Dukero
1112 2164 1278 2248 corrigenti
1301 2168 1394 2234 Καλ-

270 2279 403 2366 χηδόνα.
450 2275 600 2340 Videatur
620 2275 769 2362 imprimis
792 2275 970 2362 Bernhardy
993 2277 1032 2344 ad
1056 2278 1146 2347 Dion.
1172 2281 1292 2370 Perieg.
1315 2283 1391 2349 803.

313 2392 348 2459 Ρ.
374 2394 416 2458 62
441 2390 479 2455 ad
505 2392 546 2457 92
570 2392 588 2476 d
612 2394 642 2457 2.
688 2391 778 2479 (Ὅτῳ
802 2391 952 2476 corrigere
975 2393 1134 2479 occupavit
1159 2395 1289 2481 Kriiger.

312 2507 349 2572 P.
375 2508 418 2573 63
441 2528 484 2573 vs.
508 2509 539 2572 4.
585 2505 674 2571 Adde
696 2506 751 2572 III
775 2509 828 2572 22.

312 2623 361 2688 Ib.
385 2622 424 2687 ad
449 2624 524 2688 103.
570 2621 630 2687 Sed
653 2622 723 2688 vide
747 2621 794 2686 IV
817 2623 870 2688 29.

313 2738 363 2804 Ib.
386 2737 423 2804 ad
447 2741 499 2806 98.
534 2742 651 2808 Εἶπεῐν
671 2735 811 2823 Krdgero
834 2759 953 2823 qnoque
977 2745 1166 2823 suspectum,
1191 2740 1243 2824 qui
1263 2741 1396 2808 coniecit

271 2853 368 2932 εἶναι,
398 2853 479 2940 quod
503 2855 580 2919 male
604 2854 667 2919 coit
689 2875 758 2918 cnm
785 2863 905 2937 σαφῶς.
953 2851 1055 2918 Hodie
1079 2855 1157 2920 nihil
1181 2857 1372 2923 mutaverim.

315 2971 351 3036 P.
375 2972 418 3037 64
445 2968 483 3034 ad
511 2971 575 3036 109
599 2971 617 3055 d
645 2972 675 3034 2.
721 2967 817 3032 Valde
849 2989 952 3032 vereor
991 2990 1030 3032 ne
1063 2969 1172 3035 erroris
1208 2993 1256 3035 me
1286 2981 1397 3056 arguat

270 3106 343 3150 usus
372 3083 510 3149 vocabuli
538 3084 688 3166 πέλανος.
736 3081 817 3146 Mira
845 3089 964 3159 tamen,
993 3082 1075 3167 quod
1102 3082 1185 3164 dixi,
1212 3066 1411 3171 topothesia.⁸

314 3199 388 3285 Gap.
415 3199 479 3280 103
502 3200 519 3283 b
542 3200 573 3264 4.
597 3200 749 3287 ἀπέχει
779 3200 813 3266 δὲ
842 3203 878 3266 τὸ
905 3199 1046 3284 πόλισμα
1081 3201 1210 3270 πλέον
1241 3215 1297 3286 τῆς
1322 3204 1395 3270 δια·

272 3319 402 3403 βάσεως.
448 3312 644 3378 Dissentinnt
665 3305 860 3398 interpretes.
883 3311 950 3376 Hos
978 3312 1004 3376 si
1025 3313 1127 3392 audis,
1152 3314 1322 3381 Genetivus
1339 3325 1395 3401 τῆς

273 3431 451 3517 διαβάσεως
470 3426 584 3514 pendet
606 3452 624 3492 a
646 3430 765 3507 πλέον,
791 3427 816 3491 si
841 3426 929 3508 illos,
955 3428 993 3493 ab
1017 3431 1142 3519 ἀπέχει.
1180 3429 1242 3496 Fac
1264 3429 1396 3516 pendere

273 3546 429 3624 οπλέον,
456 3543 613 3608 mirificam
641 3543 719 3607 hanc
745 3542 953 3608 nanciscemur
987 3545 1188 3610 sententiam:
1217 3547 1330 3634 οἷπέχει
1359 3548 1394 3614 δὲ

272 3665 310 3727 τὸ
337 3660 478 3744 πόλισμα
501 3663 571 3742 (τῆς
595 3667 734 3745 γεφύρας
755 3667 810 3727 τοῦ
835 3661 993 3745 ποταμοῦ)
1017 3661 1116 3730 πλέον
1141 3671 1196 3745 τῆς
1220 3662 1396 3749 διαβάσεως

272 3773 307 3860 (i.
332 3795 358 3838 e.
383 3782 437 3858 τῆς
465 3778 627 3860 γεφύρας).
674 3773 734 3838 Fac
762 3779 867 3839 contra
895 3797 1078 3860 suspensum
1105 3797 1168 3840 esse
1194 3775 1233 3841 ab
1263 3779 1397 3865 ἀπέχει,

274 3911 336 3954 non
366 3887 504 3953 habebit.
525 3887 643 3965 πλέον,
676 3907 736 3972 quo
768 3886 928 3952 referatur.
974 3887 1044 3967 Quo
1074 3887 1171 3974 igitur
1201 3911 1249 3954 me
1281 3895 1397 3954 vertam

274 4005 387 4071 nescio.
434 4009 476 4068 At
503 4001 588 4081 ride,
616 4025 653 4066 an
677 4002 756 4067 forte
780 4009 886 4068 auctor
906 4003 1075 4090 scripserit:
1101 4007 1249 4092 α’πεῖχε
1279 4006 1314 4072 dr'
1344 4007 1397 4086 (sc.

275 4123 360 4205 τότε)
391 4124 427 4187 τὸ
455 4117 594 4203 πόλισμα
623 4118 732 4213 πλέον
756 4117 815 4206 (so.
839 4128 860 4205 ἤ
887 4122 959 4205 νῦν)
994 4131 1050 4204 τῆς
1083 4120 1274 4208 διαβάσεως,
1309 4120 1397 4185 cuius

275 4235 319 4299 rei
345 4233 493 4298 rationem
528 4232 659 4317 explicat
687 4233 914 4320 subiungendo:
950 4242 1005 4303 nat
1033 4238 1069 4304 cri
1098 4245 1232 4304 καθεῖτο
1260 4240 1396 4326 ὥσπερ

276 4359 349 4417 νῦν
381 4351 481 4435 τείχη.
527 4345 621 4413 Haud
648 4349 740 4412 semel
764 4352 829 4437 ἔχει
853 4355 884 4413 et
911 4347 974 4439 εἶχε
1003 4373 1020 4416 a
1047 4347 1153 4415 scribis
1180 4349 1304 4415 confusa
1331 4373 1398 4415 esse

276 4465 384 4524 notum
408 4465 464 4524 est.
510 4458 585 4524 Post
609 4462 710 4530 πλέον
738 4462 803 4526 sine
830 4461 1014 4530 detrimento
1042 4464 1142 4530 omitti
1163 4465 1265 4549 potuit
1293 4474 1313 4550 ἤ
1336 4475 1396 4534 νῦν

278 4581 402 4670 propter
424 4573 566 4642 sicimam
589 4574 752 4641 verborum
776 4579 881 4666 ὥσπερ
906 4584 975 4648 νῦν.
