3166 5230
681 467 743 535 139

196 661 272 747 Png.
298 663 338 728 27
370 659 408 725 ad
431 659 466 724 Π
498 660 539 726 25
567 661 637 746 61.
685 657 830 724 Eiusdem
862 657 1048 724 confusionis
1080 659 1268 726 luculentum

152 777 323 861 exemplum
339 781 384 839 est
400 775 432 838 in
448 771 566 838 Avibus
582 795 625 838 ve.
644 773 726 851 615,
744 771 796 837 ubi
821 773 953 858 optimus
977 774 1135 838 Ravennae
1162 782 1268 841 contre

152 899 301 958 metrum:
324 887 672 986 a’dd'f'rromodvdrrrrd’
698 897 918 974 ἄνθρωποι
949 896 1067 976 τουτῳὶ
1099 898 1143 957 τῶ
1167 900 1270 978 dody-

151 1038 241 1096 ματι.
286 1007 334 1071 Ib.
357 1005 393 1068 ad
419 1006 470 1070 30.
495 1003 568 1068 Non
589 1025 730 1088 expungo
752 1011 811 1088 τὴν
835 1013 941 1087 νῆσον.
978 1003 1149 1089 Operarnm
1177 1029 1270 1072 error.

197 1123 272 1207 Peg.
298 1124 339 1187 29
361 1120 401 1185 ed
426 1121 466 1185 37
491 1119 560 1185 adn.
586 1124 662 1184 6111.
700 1117 781 1182 Loco
804 1124 905 1182 tomen
929 1117 982 1182 ΠΙ
1007 1120 1049 1184 94
1075 1119 1151 1184 nihil
1174 1127 1269 1214 muto.

197 1237 270 1322 Gap.
297 1237 339 1302 54
361 1235 402 1299 in.
450 1240 506 1303 τὸν
530 1237 602 1301 οὐκ
631 1240 721 1302 ὄντα.
768 1231 901 1317 Requiro
925 1233 1068 1301 οὐκέτ’.

198 1352 271 1435 Peg.
298 1352 338 1416 31
363 1349 401 1412 ad
424 1350 468 1413 44
490 1350 507 1433 6
532 1351 562 1414 l.
608 1347 652 1411 Re
678 1346 857 1431 diligentins
881 1346 1082 1426 considerate,
1107 1370 1169 1413 non
1193 1349 1272 1414 suffi-

154 1467 195 1532 cit
218 1463 347 1530 scribere
373 1463 407 1534 εὖ
433 1467 633 1548 τελευτῆσαι.
681 1461 804 1526 Etenim
834 1468 901 1546 post
926 1460 1015 1527 verbe
1043 1475 1097 1548 τῆς
1125 1466 1273 1551 εὐπρεπε-

153 1592 271 1671 στάτης
296 1619 336 1630 -
358 1582 505 1662 τελευτῆς
533 1577 570 1642 de
597 1583 693 1641 morte
723 1577 834 1642 iterum
863 1577 978 1641 mentio
1010 1578 1089 1643 fante
1121 1601 1185 1642 esse
1211 1601 1273 1643 non

152 1703 264 1784 potest.
309 1693 497 1779 Requiritnr,
521 1697 557 1758 ut
579 1692 695 1777 opinor,
719 1691 835 1776 aliquid
854 1691 887 1756 in
904 1693 982 1756 hono
996 1693 1195 1758 sententiam:
1216 1700 1271 1760 καὶ

154 1813 203 1892 οἷς
226 1819 269 1881 ἂν
293 1810 562 1893 ἒνενδαιμονῆσαι
581 1835 614 1874 τε
635 1813 653 1874 o‘
675 1811 745 1894 βίος
767 1811 918 1891 ὁμοίως
942 1813 996 1872 καὶ
1021 1807 1274 1897 ἐνδυστυχῆ-

153 1955 223 1996 σαι
251 1927 291 2008 (s,
315 1925 613 2009 ἐνταλαιπωρῆσαι)
636 1925 864 2011 ξυμμετρηθῇ,
889 1923 909 1987 ἰ.
924 1945 952 1987 e.
979 1923 1015 1988 tn
1038 1943 1178 2012 quorum
1203 1923 1274 1989 vita

154 2059 335 2109 aerumnae
368 2059 434 2106 non
467 2044 627 2125 superant
661 2037 877 2130 felicitatem,
911 2061 934 2104 s.
964 2039 1083 2128 quitos
1120 2037 1274 2105 Fortuna

154 2176 264 2244 nequo
299 2153 393 2220 tonte
429 2153 511 2219 tono
547 2159 578 2219 et
605 2151 697 2218 mola
727 2152 935 2240 appenderit.
981 2152 1170 2218 Indicativus
1204 2160 1274 2239 post

154 2271 383 2337 coniunctivnm
408 2291 468 2333 non
500 2266 675 2332 defenditur
704 2267 777 2332 locis
809 2267 855 2331 IV
887 2270 928 2334 18
959 2271 976 2354 6
1009 2272 1027 2333 2
1062 2273 1092 2332 61
1124 2269 1166 2333 92
1194 2268 1212 2352 6
1236 2272 1274 2348 2,
1396 2365 1398 2370 Ι

152 2382 364 2451 laborantibus
387 2390 418 2447 61
440 2382 524 2468 ipsit.

197 2500 272 2584 Pog.
297 2500 338 2564 31
362 2497 401 2562 ad
424 2498 468 2563 50
492 2503 570 2562 extr.
617 2497 643 2560 11
673 2496 779 2562 multis
810 2519 905 2582 panca
936 2497 1074 2582 exempla
1103 2495 1274 2562 adscribere

152 2617 253 2681 iuvet:
277 2613 295 2677 Ι
319 2614 383 2678 143
407 2615 423 2696 6
446 2614 479 2692 4,
510 2611 698 2698 111563,
725 2611 778 2676 ΙΠ
802 2613 932 2697 5864,
956 2610 1010 2676 ΠΙ
1034 2615 1155 2698 6661.
1202 2612 1275 2676 Erat

153 2752 249 2815 quum
272 2729 340 2793 loeo
363 2727 381 2791 I
405 2727 447 2792 73
470 2732 565 2805 extr,
581 2727 695 2792 inserte
711 2727 891 2806 1116111616,
909 2727 951 2791 oio
966 2728 1190 2793 restituendum
1207 2750 1273 2792 esse

153 2851 310 2932 putarem:
337 2854 503 2928 τικμήριον
533 2843 568 2909 δέ
594 2844 746 2927 μέγιστον
773 2845 814 2928 (ὃ)
839 2848 935 2920 αὐτὸς
963 2849 1102 2928 ἐποίησε·
1127 2849 1273 2931 νικηθεὶς

154 2968 216 3046 γὰρ
243 2995 284 3006 -
312 2959 529 3044 ἀπεχώρησεν.
575 2957 618 3019 At
656 2978 717 3019 non
752 2955 877 3036 dubito,
912 2956 987 3042 quin
1026 2957 1182 3042 vulgatam
1212 2958 1273 3021 leo-

153 3074 270 3140 tionem
294 3071 370 3138 setis
393 3077 515 3136 tueatur
538 3071 622 3135 loeus
653 3069 706 3134 ΙΠ
737 3072 779 3136 67
804 3073 821 3156 6
843 3075 880 3151 6,
918 3094 1006 3157 quem
1033 3072 1119 3136 affert
1141 3071 1272 3136 Classen.

154 3187 203 3254 01.
226 3188 317 3252 etiarn
341 3187 387 3252 VI
411 3190 452 3254 82
480 3189 495 3270 6
520 3189 550 3251 1.

200 3303 274 3389 Gap.
300 3303 341 3369 56
366 3304 383 3387 6
408 3305 436 3368 1.
484 3308 566 3372 νεῶν
590 3306 660 3386 post
683 3303 835 3372 παλαιῶν
857 3307 938 3368 16616
962 3325 1023 3368 om.
1048 3302 1171 3366 Monac.
1220 3299 1275 3365 Sn-

154 3416 356 3505 perseriptnm
379 3415 471 3481 habet
493 3437 577 3480 mens
601 3415 697 3481 Paris.

200 3532 249 3598 Ib.
272 3534 290 3618 6
313 3537 341 3598 2.
390 3537 421 3610 ἐς
450 3532 569 3599 ἐλπίδα
601 3535 660 3616 μὲν
684 3530 789 3616 ἦλθον
818 3542 873 3600 τοῦ
902 3532 1028 3601 ἑλεῖν.
1074 3530 1198 3619 Poterat
1221 3538 1276 3598 τοῦ

154 3651 271 3719 ἑλεῖν
292 3656 363 3727 ἄν,
387 3645 468 3732 quod
491 3643 655 3710 1611161161)
680 3644 817 3710 additum
849 3646 1006 3711 Infinitivo
1030 3644 1190 3711 articulum
1214 3667 1274 3708 non

154 3755 279 3828 videtur
307 3761 522 3826 necessarium.
572 3759 763 3845 Quamquam
793 3761 811 3825 I
844 3764 908 3826 144
939 3762 1068 3847 legitur:
1103 3767 1134 3838 ἐς
1159 3761 1276 3828 ἐλπίδα

154 3886 212 3947 τοῦ
246 3880 523 3965 περιέσεσθαι
549 3883 580 3939 61
610 3875 645 3939 Π
675 3877 717 3941 42
747 3881 782 3942 τὸ
809 3882 932 3962 ἀφανὲς
964 3885 1033 3945 τοῦ
1066 3881 1276 3961 κατορθὼ·

154 4021 257 4062 σειν.
310 3992 417 4070 06116,
451 3990 504 4056 ubi
537 4013 600 4054 non
634 3990 766 4056 addatur
798 3991 964 4071 articulat,
996 3992 1155 4080 operandi
1186 3989 1278 4055 verbe

152 4131 217 4174 non
239 4107 401 4172 admittere
417 4106 448 4172 in
467 4106 600 4170 oratione
616 4106 750 4192 pedestri
772 4107 901 4173 nodone
923 4106 1135 4196 Infinitinum
1151 4104 1278 4172 Aoristi

152 4224 256 4291 nullus
280 4222 397 4289 dubito.
445 4222 600 4287 Particule
636 4229 715 4286 16616
738 4221 824 4286 adest
848 4223 864 4287 I
889 4226 951 4288 127
976 4224 993 4308 6
1018 4226 1056 4303 2,
1089 4223 1124 4287 ΙΙ
1148 4225 1191 4288 20
1215 4223 1274 4306 61

154 4339 249 4426 (bis),
276 4339 311 4404 H
334 4340 375 4406 51
400 4343 490 4413 extr„
517 4338 551 4402 ΙΙ
576 4339 618 4404 93
643 4340 660 4422 6
684 4341 702 4402 2
728 4337 886 4422 (rescripto
911 4340 1099 4407 ἐπιπλεῦσαι
1126 4323 1278 4424 616361-

152 4457 326 4524 tentarat
358 4475 426 4518 enm
457 4452 589 4538 Dobreo)
622 4453 656 4518 II
685 4456 748 4521 102
773 4457 788 4538 6
816 4457 851 4534 3,
884 4455 936 4520 ΙΙΙ
969 4457 1012 4521 30
1047 4459 1064 4542 6
1096 4458 1114 4520 1
1140 4455 1274 4538 6162,

154 4569 224 4655 [HI
256 4571 332 4656 84],
366 4567 430 4634 VII
460 4571 501 4634 61
533 4575 609 4634 6111.
655 4569 693 4635 In
724 4577 865 4656 corrupta
895 4570 1025 4636 lectione
1057 4569 1104 4634 VI
1136 4571 1176 4635 87
1211 4568 1228 4652 6
1257 4570 1279 4632 4
