3166 5230
826 459 866 528 92

284 610 393 732 Nerine
416 646 496 711 enim
521 653 567 712 est
590 647 623 712 in
646 647 700 712 illa
716 647 846 714 lectione
862 647 922 712 ulla
937 648 1141 733 interpolandi
1158 649 1306 734 suspicio.
1334 648 1404 731 Qua

284 783 347 826 uon
382 761 477 846 magis
513 784 560 826 me
595 761 694 826 iudice
727 762 877 847 premitur
917 763 948 827 in
975 763 1078 829 eadem
1115 767 1132 848 ό
1167 764 1300 828 eiusdem
1332 764 1403 830 libri

284 876 450 961 scripturn:
476 884 529 944 καὶ
554 884 611 956 τὰς
635 887 714 956 ναός
739 883 813 945 ὅσαι
841 878 1051 965 (μάλιστα)
1076 885 1238 966 ἐπόνησαν
1259 884 1322 946 όπό
1346 889 1401 948 τοῦ

284 999 437 1080 χειμῶνος
464 993 641 1072 ἀνελκύσας
667 997 893 1072 ἐπεσκεύαζεν.
940 991 1000 1056 Ρεο
1024 993 1146 1076 vulgata
1170 999 1270 1057 lamen
1297 993 1400 1078 potius

283 1105 394 1169 militat
417 1105 503 1170 locus
528 1105 590 1169 VII
614 1107 656 1171 38
674 1111 744 1182 τους
763 1134 795 1173 τε
821 1115 1029 1195 τριηράρχους
1043 1112 1227 1193 ἠνάγκαζεν
1253 1113 1399 1177 ἐπισκευ-

282 1222 372 1298 άζειν
395 1226 452 1298 τὰς
482 1230 559 1297 ναῦς
582 1225 611 1288 εἴ
633 1225 681 1299 τίς
704 1249 736 1287 τι
761 1227 962 1307 ἐπεπονήκει.

327 1332 401 1418 Cap.
428 1336 491 1401 105
516 1338 529 1417 5
558 1337 587 1400 2.
621 1339 720 1404 ὅσον
750 1345 886 1423 σχόντας
919 1343 1057 1422 μόνονΙ
1106 1336 1155 1400 Ne
1188 1336 1265 1401 iorlo
1299 1344 1398 1423 μόνον

283 1455 371 1533 pules
407 1472 473 1514 esse
504 1452 653 1531 glossema
684 1448 818 1516 adverbii
849 1450 1071 1537 praecedentis,
1112 1451 1149 1516 cf.
1178 1453 1270 1516 Arist.
1307 1451 1397 1536 Vesp.

285 1564 388 1642 1288,
411 1564 483 1647 Lys.
510 1565 583 1632 733.
617 1549 693 1628 Mox
716 1567 733 1649 ό
757 1566 777 1630 3
801 1587 869 1630 cum
892 1565 1033 1630 Goellero
1060 1566 1155 1650 probo
1178 1564 1318 1631 Vaticani
1341 1566 1401 1630 lec·

282 1677 395 1743 tionem
418 1679 603 1748 όλλ’ἄτπα.
652 1679 1202 1767 011113514411100oa.

683 2103 726 2147 ru
757 2103 881 2148 urano
911 2082 984 2148 VII.

324 2242 395 2329 Cap.
422 2242 439 2306 Ι
462 2246 479 2330 ό
504 2248 532 2309 1.
558 2249 783 2333 παρέπλευσαν
801 2252 831 2322 ἐς
847 2251 993 2334 Λοκροός
1012 2245 1099 2330 [τούς
1122 2244 1397 2334 Ἐπιζεφυρίους].

281 2356 398 2421 Ultima
422 2358 565 2423 voeabula
599 2359 776 2445 Leoapenus
811 2385 839 2447 p.
867 2365 907 2427 76
935 2361 1031 2426 citans
1053 2360 1158 2426 verba:
1189 2368 1224 2428 ἐκ
1248 2373 1303 2430 τοῦ
1332 2369 1396 2428 Τά·

280 2501 397 2558 ραντος
418 2513 460 2521 -
484 2479 629 2560 Λοκρούς
653 2497 714 2539 non
738 2475 858 2540 videtur
889 2475 1006 2560 legisse.
1055 2473 1153 2539 Valde
1176 2474 1250 2539 mihi
1277 2496 1398 2560 suspec-

280 2594 343 2652 tum
370 2596 415 2653 est
434 2590 491 2653 hoo
506 2588 767 2670 additamentum,
795 2591 969 2676 praesertim
986 2596 1054 2676 post
1069 2589 1193 2654 Tarenti
1213 2589 1397 2654 mentionem

281 2703 366 2789 plane
389 2705 531 2770 otiosum.
555 2704 663 2789 Neque
687 2727 814 2789 usquam
831 2705 903 2770 alibi
919 2704 997 2791 apud
1014 2709 1150 2770 nostrum
1167 2704 1224 2768 hoc
1238 2704 1396 2788 epitheton

282 2818 435 2902 reperitur.
482 2818 526 2884 of.
553 2818 598 2883 ru
626 2824 641 2884 r
668 2825 699 2882 et
724 2822 782 2895 οι,
808 2817 837 2879 v
860 2797 898 2898 5,
923 2818 970 2882 vr
1000 2821 1060 2897 44,
1092 2817 1174 2881 viu
1198 2819 1251 2884 or.
1297 2817 1395 2882 uero-

282 2932 399 3009 dotnm,
426 2933 511 2998 cuius
534 2941 606 2999 nola
629 2943 677 2998 ost
700 2933 882 3012 verbositas,
907 2955 968 2998 non
991 2955 1086 3017 aeque
1102 2933 1247 2997 miramur
1263 2931 1396 2996 scriben-

280 3054 341 3110 tem
359 3047 404 3111 Vl
428 3049 470 3114 23
494 3052 511 3133 ᾧ
538 3051 574 3113 1:
598 3053 719 3136 Σάμιοί
733 3078 765 3116 τε
790 3055 991 3134 κομιζόμενοι
1014 3053 1044 3126 ἐς
1064 3048 1220 3135 Σικελίην
1246 3052 1395 3129 ἐγίνοντο

282 3169 314 3229 ἐν
341 3172 494 3250 Λοκροῖσι
524 3175 636 3233 τοῖσι
667 3163 1009 3250 Ἐπιζεφυρίοισι
1039 3168 1092 3228 καὶ
1121 3164 1300 3244 Ζαγκλαῖοι
1330 3169 1394 3230 κτὲ.

281 3275 491 3363 Quamquam,
528 3279 554 3343 si
585 3279 630 3342 vel
662 3300 741 3342 unus
773 3278 866 3368 podex
897 3277 1069 3352 omitteret,
1103 3275 1173 3339 huic
1197 3297 1315 3360 quoque
1337 3277 1396 3340 ista

281 3391 492 3457 abiudicerem.

325 3505 397 3590 Cap.
423 3511 441 3572 2
467 3509 483 3591 ό
508 3509 539 3572 3.
564 3513 582 3573 ό
604 3509 638 3572 (λε’
666 3509 757 3574 Γέτα
786 3515 889 3574 τότε
915 3517 1018 3595 τεῖχος
1042 3513 1077 3576 ἐν
1105 3516 1144 3592 τῇ
1171 3507 1303 3592 παρόδῳ
1330 3510 1395 3573 τῶν

280 3623 430 3689 Σικελῶν
455 3623 566 3707 λαβὼν
598 3628 666 3687 καὶ
690 3607 928 3706 ξυνταξάμενος
953 3627 995 3700 ὥς
1017 3626 1047 3700 ἐς
1074 3631 1179 3709 μάχην
1207 3623 1395 3703 ἀφικνεῖται

280 3744 357 3821 πρὸς
381 3744 437 3815 τὰς
461 3739 652 3814 Ἐπιπολας.
702 3734 794 3800 Oodd.
818 3735 937 3800 variant
959 3737 1042 3800 inter
1064 3743 1099 3803 τό
1121 3764 1165 3805 τε.
1194 3736 1227 3800 σε’
1252 3763 1296 3815 τι,
1325 3740 1394 3800 τότε

283 3859 310 3918 rl
335 3859 365 3914 et
387 3859 458 3920 τότε
483 3859 530 3919 τό.
580 3849 777 3914 Scribendum
802 3849 955 3935 suspicor:
980 3851 1047 3916 όόε·
1074 3851 1166 3916 Γέτα
1201 3851 1323 3932 (nomen
1346 3847 1396 3912 in·

280 3972 403 4031 certum.
450 3964 496 4029 Cf.
521 3964 642 4029 Goeller
665 3965 702 4028 ad
725 3964 754 4030 h.
781 3964 817 4042 l.)
840 3994 878 4032 τι
907 3973 1009 4054 τεῖχος
1034 3971 1068 4032 ἐν
1095 3974 1135 4049 τῇ
1168 3965 1299 4048 παρόδῳ
1331 3967 1395 4030 τῶν

279 4083 428 4150 Σικελῶν
454 4081 538 4163 (haec
562 4080 622 4144 duo
641 4079 785 4144 vocabula
809 4079 848 4143 ob
871 4080 970 4143 locum
987 4101 1046 4165 qno
1069 4082 1225 4162 ponuntur
1248 4075 1335 4141 valde
1351 4076 1396 4139 in-

279 4195 469 4259 commodum
494 4194 614 4258 mallem
634 4194 748 4280 abesse)
774 4197 896 4283 λαβὼν,
920 4194 1003 4279 [καὶ]
1030 4196 1271 4277 ξυνταξάμενος
1298 4198 1341 4269 ὡς
1367 4197 1398 4267 ἐς

278 4320 383 4398 μάχην
412 4314 598 4393 ἀφικνεῖται
626 4317 703 4395 πρός
729 4315 786 4386 τὰς
812 4309 1001 4384 Ἐπιπολὰς.
1049 4308 1179 4372 Facinus
1203 4305 1397 4370 memorabile

280 4426 328 4507 (τό
355 4426 469 4512 λαβεῖν
500 4425 603 4510 Tira)
632 4435 663 4488 et
687 4423 881 4488 accessorium
909 4422 984 4487 illud
1008 4425 1055 4504 (τό
1088 4423 1327 4504 ξυντάξασόαι)
1362 4421 1393 4486 in

278 4539 364 4606 libris
388 4560 543 4628 perperam
568 4550 724 4626 ponuntur
747 4544 781 4604 ἐκ
799 4551 853 4606 τοῦ
878 4537 1098 4622 παραλλήλου.
1145 4535 1309 4620 Parlicipia
1332 4559 1392 4604 non
