3190 5232
720 485 759 551 27

663 672 716 724 ἀνθ
736 675 794 730 είως

180 752 318 832 corrupta
349 747 395 804 est
428 763 464 804 ex
488 741 578 806 haece
605 691 837 824 νιννίιίως,
865 762 955 824 quam
980 745 1100 826 repperi
1122 746 1156 810 in
1183 745 1301 824 codiee,

181 883 267 946 quem
287 858 360 923 olim
385 857 500 920 contuli
515 856 650 923 Parisiis.
676 857 822 922 Similiter
844 880 891 996 apa.
913 858 1005 944 Soph.
1025 861 1056 926 in
1079 860 1196 946 Oedipo
1220 861 1303 944 Rege

834 963 873 997 πα
895 950 941 998 τινὰ

180 1042 220 1085 vs.
249 1019 311 1084 971
350 1021 498 1101 παρόντα
516 1021 621 1080 natum
650 1037 716 1078 esse
740 1039 775 1080 ex
799 1021 980 1104 γέροντα
1009 1020 1130 1104 egregie
1153 1019 1303 1085 intellexit

180 1132 344 1198 Heimsoth
378 1130 460 1194 Krit.
491 1129 578 1195 Stud.
602 1130 632 1214 p'.
658 1131 732 1196 330.
757 1132 902 1219 Ὣρμητο
930 1135 1080 1218 glossema
1104 1157 1169 1200 esse
1192 1137 1304 1201 formae

180 1258 288 1335 ὤργα,
305 1269 341 1311 eo
356 1244 543 1330 probabilius
559 1253 621 1324 est,
644 1247 725 1330 quod
743 1247 790 1311 IV
808 1251 901 1333 108ῷ
918 1253 937 1314 6
956 1250 1083 1315 turmam
1102 1256 1303 1340 ὀργώντων

181 1364 350 1432 Scholiasta
377 1361 542 1426 Cassianus
569 1361 787 1444 iuterpretatur
809 1383 863 1446 per
886 1370 1150 1452 ὡρμημένων.

224 1480 297 1564 Cap.
330 1481 371 1542 22
401 1477 417 1560 ό
450 1479 479 1540 2.
513 1481 567 1542 καί
602 1480 784 1563 ἱππομαχία
814 1507 862 1556 τις
890 1479 1085 1563 [ἐν]ε’νίνετο
1109 1488 1245 1568 βραχεῖα
1270 1486 1304 1549 ἐν

180 1599 337 1682 Φρυγίοις
368 1599 433 1660 τῶν
467 1593 495 1658 τ’
527 1587 780 1677 Ἀθηναίων
809 1595 893 1660 τίλει
931 1602 979 1663 ἑνί
1001 1603 1066 1664 τῶν
1099 1599 1221 1664 ἱππέων
1250 1604 1305 1664 καί

181 1710 410 1784 Θεσσαλοῖς
442 1710 510 1792 μετ’
536 1707 645 1773 αὐτῶν
675 1713 752 1792 πρός
778 1713 852 1785 τοός
878 1717 1037 1778 Βοιωτῶν
1063 1716 1192 1789 ἱππέας,
1226 1718 1260 1779 ἐν
1286 1703 1306 1800 ᾖ

180 1828 236 1892 οόκ
276 1826 411 1893 ἔλασσον
447 1827 540 1912 ἔσχον
566 1828 596 1889 οἱ
622 1823 857 1911 Ἀθηναῖοι
884 1833 938 1892 καί
966 1829 1305 1914 Θεσσαλοὶ,με’χρι

180 1933 216 2005 οό
241 1945 560 2026 προσβοηθησάντων
587 1947 654 2014 τοῖς
681 1945 842 2016 Βοιωτοῖς
866 1950 932 2006 τῶν
957 1942 1099 2008 ὁπλιτῶν
1121 1949 1220 2025 τροπὴ
1239 1945 1307 2024 ἐγί-

181 2081 253 2121 νετο
277 2057 385 2120 αὐτῶν
414 2057 468 2117 καί
492 2054 665 2119 α’πίθανον
694 2051 773 2134 [τῶν
804 2055 976 2123 Θεσσαλῶν
1007 2063 1062 2122 καὶ
1093 2057 1303 2141 Ἀθηναίων]

181 2171 217 2236 orl
242 2169 370 2236 πολλοί.
399 2166 716 2238 Deleahursoholium
739 2167 777 2230 ad
800 2173 923 2246 αὐτῶν,
948 2169 1035 2253 quale
1059 2177 1105 2232 est
1123 2168 1202 2234 illud
1226 2171 1306 2255 quod

183 2283 351 2367 hodieque,
375 2281 427 2346 sed
444 2280 547 2344 miuus
568 2301 689 2358 verum,
713 2281 745 2344 in
771 2281 892 2345 scholiis
915 2282 1006 2346 editis
1029 2283 1143 2369 legitur
1167 2284 1205 2346 ad
1224 2284 1307 2349 idem

180 2419 348 2484 pronomen
372 2396 496 2479 αὐτῶν]
515 2401 579 2463 τῶν
598 2396 794 2481 Ἀθηναίων
809 2397 970 2481 δηλονότι.
988 2405 1008 2472 †
1025 2397 1199 2482 Sequuntur
1214 2399 1303 2464 haec:

181 2515 351 2583 ἀνείλοντο
376 2514 488 2598 μέντοι
514 2514 631 2586 αότοός
654 2511 838 2597 αὐθημερόν
860 2515 1054 2588 ἀσπόνδους.
1078 2513 1104 2575 Ε
1124 2513 1307 2578 Graecorum
1391 2527 1393 2534 ’

183 2627 336 2719 sententia
366 2625 511 2710 quisine
534 2623 675 2689 indutiis
699 2624 919 2689 cadaverosus
943 2626 1113 2712 suscipiunt
1137 2651 1205 2692 vere
1233 2629 1306 2692 vieti

182 2767 243 2809 non
277 2749 367 2820 sunt,
395 2761 492 2824 neque
517 2761 606 2823 ergo,
634 2737 686 2802 ubi
711 2739 788 2803 illud
811 2741 863 2818 fit,
885 2741 1061 2806 adversariis
1085 2765 1149 2806 mos
1177 2750 1223 2807 est
1250 2744 1307 2807 eri·

179 2881 250 2944 gere
282 2866 451 2942 tropaeum.
501 2854 605 2933 Quare
637 2855 702 2918 iure
732 2855 867 2933 mireris,
901 2857 986 2942 quasi
1011 2858 1089 2922 nihil
1115 2865 1194 2922 esset
1218 2857 1248 2920 iu
1273 2879 1307 2920 sa

181 2997 211 3036 re
235 2972 372 3050 insoliti,
398 2970 502 3034 statim
523 2970 625 3053 sequi:
654 2979 723 3037 καί
748 2979 786 3039 οἱ
809 2975 1071 3058 Πελοποννήσιοι
1093 2985 1249 3061 τροπαῖον
1268 2985 1307 3060 τῆ

180 3091 334 3174 ὑστεραίᾳ
374 3089 526 3172 {osquam
551 3106 626 3167 quae
654 3084 817 3148 offensioni
845 3107 905 3148 non
929 3086 1059 3170 amplius
1083 3100 1174 3152 erunt
1198 3089 1241 3152 sio
1264 3087 1307 3152 le-

180 3205 260 3267 niter
285 3201 457 3266 emendata:
485 3205 623 3267 καίτοι
652 3207 690 3267 οἱ
713 3204 796 3268 Πελ.
824 3211 891 3269 ure.
921 3203 941 3267 i.
966 3227 992 3267 e.
1017 3203 1245 3270 nihilominus.

224 3305 299 3390 Cap.
324 3307 365 3371 25
389 3307 405 3388 d
427 3308 456 3369 1.
484 3310 539 3370 καί
571 3309 602 3380 ἐς
625 3312 796 3390 Μεθώνην
822 3316 876 3388 τῆς
902 3316 1096 3389 Λακωνικῆς
1118 3312 1303 3395 οἱποβόιντες

180 3435 224 3510 τῷ
245 3427 343 3509 τείχει
356 3419 558 3506 προσέβαλον
569 3424 639 3486 ὄντι
654 3422 789 3486 elohemi
802 3429 855 3486 καί
875 3426 1099 3507 ἀνθρώπων
1114 3425 1185 3491 οόκ
1206 3430 1307 3493 ἐνόν·

179 3568 271 3606 των.
320 3539 362 3600 At
385 3534 513 3598 infuisse
539 3534 675 3598 homines
699 3545 859 3618 apparete
882 3539 898 3622 d
923 3541 941 3602 2
967 3545 1098 3627 ἐβοήθει
1116 3551 1183 3615 τοῖς
1205 3544 1239 3604 ἐν
1259 3550 1302 3622 τῷ

181 3657 291 3739 χωρίῳ.
319 3651 402 3715 Hinc
411 3651 572 3715 scholiasta
585 3652 786 3735 ἀνθρώπων]
803 3652 905 3720 λείπει
923 3656 1086 3722 πολλῶν.
1114 3654 1172 3717 Sed
1183 3654 1305 3718 inaudi-

181 3773 245 3829 tam
268 3787 332 3828 esse
355 3765 447 3828 talem
470 3763 590 3849 ellipsin
615 3762 665 3826 vix
687 3771 734 3826 est
759 3763 840 3847 quod
864 3764 971 3831 dicam.
1002 3765 1191 3852 Corrigerem
1213 3768 1307 3850 igitur

181 3879 429 3966 οὐ(πολλοἰν)
456 3885 594 3948 ἐνόντων
621 3886 675 3942 aut
700 3879 856 3962 όλίμων
882 3885 1039 3959 ἐνόντων,
1061 3883 1142 3966 quod
1164 3882 1307 3947 insimili

179 3995 248 4058 loeo
280 3993 393 4080 legitur
424 3993 471 4056 IV
500 3995 536 4071 8,
569 3993 629 4056 nisi
657 3992 815 4077 aliquanto
846 3995 945 4059 lenius
968 4017 1102 4078 possem:
1139 3999 1307 4083 ἀνόρών

179 4115 249 4194 (pro
273 4115 360 4178 dam
378 4133 431 4172 Ξῖ
443 4109 642 4194 ἀνθρώπων)
670 4111 726 4174 οὐκ
751 4114 902 4187 ἐνόντων,
918 4115 952 4172 ut
965 4129 1033 4174 mox
1049 4118 1079 4178 οἱ
1095 4118 1130 4180 ἐν
1143 4125 1188 4199 τῷ
1207 4120 1310 4202 χωρίῳ

180 4227 243 4290 sint
266 4226 351 4311 pueri
375 4223 577 4308 mulieresque
605 4229 762 4307 ceteraque
790 4223 879 4286 turba
904 4223 1046 4291 imbellis.
1074 4226 1120 4292 Of.
1145 4228 1161 4291 I
1186 4230 1238 4293 67.

225 4341 296 4405 Ibid
320 4344 336 4426 q
361 4345 391 4405 2.
419 4346 473 4406 καί
502 4345 567 4406 οέπό
597 4347 714 4406 τούτου
740 4347 794 4406 τοῦ
820 4342 1020 4426 τολμήματος
1044 4351 1208 4430 πρῶτος
1242 4352 1308 4414 τῶν

181 4464 265 4525 κατὰ
300 4463 356 4524 τόν
391 4457 533 4539 πόλεμον
572 4456 719 4540 ἐπῃνέθη
748 4453 909 4539 (Brasidas)
941 4461 973 4525 ἐν
1000 4467 1149 4547 Σπάρτη.
1198 4459 1308 4522 Sensus

181 4595 248 4636 esse
284 4569 392 4634 debet:
431 4570 489 4634 hoo
517 4569 648 4653 primum
681 4567 773 4632 fuisse
802 4569 920 4634 lacinus
945 4593 1068 4650 eorum,
1092 4595 1168 4656 quae
1194 4573 1227 4637 iu
1251 4573 1308 4641 hoe
