3190 5232
778 479 797 547 5

233 672 397 756 οἷπιστοίη,
412 663 527 754 optime
551 669 692 734 scribitur
707 665 740 734 in
757 669 893 755 apodosi:
909 679 951 754 μη
970 672 1041 754 (non
1057 676 1098 754 μὴ
1117 669 1166 754 οὐ)
1184 671 1350 751 γενέσθαι.

231 785 287 848 Sed
312 791 471 868 peceatum
496 783 614 848 videtur
638 785 749 851 11139
775 792 847 853 οότε
872 797 891 870 ή
911 795 1056 870 παροῦσα
1075 785 1266 867 εὐδαιμονία
1289 812 1350 850 πα-

229 902 339 988 ρέσχεν
357 907 455 968 ὄκνον
477 909 522 986 μὴ
544 901 656 968 ἐλθεῖν
681 906 711 980 ἐς
729 907 769 968 τὰ
794 902 897 974 δεινά,
923 898 975 962 ubi
1001 897 1198 982 grammatica
1214 897 1351 980 postulat

228 1022 277 1099 μὴ
304 1017 388 1082 οὐκ.
437 1015 482 1081 Cf.
509 1015 526 1079 I
552 1018 613 1081 141
640 1019 656 1099 ό
682 1020 720 1094 4,
745 1015 828 1081 VIII
851 1019 894 1082 60
917 1017 934 1100 ό
958 1017 975 1080 1
1000 1021 1031 1077 et
1055 1016 1097 1079 70
1120 1015 1133 1096 §
1159 1015 1188 1078 1.
1226 1010 1350 1097 Inipso

230 1127 336 1212 cepitis
360 1130 419 1194 fine
443 1137 565 1214 propter
589 1141 681 1217 κοινῇ
706 1130 809 1194 malim
832 1128 909 1193 fere:
933 1137 976 1208 ὠς
999 1133 1077 1196 ὑπό
1103 1127 1170 1212 (pro
1186 1127 1263 1208 οίπὸ)
1291 1133 1351 1193 πόι·

230 1269 284 1330 σης
308 1254 363 1328 τῆς
388 1245 548 1323 Ἑλλάδος
573 1256 666 1331 κοινῇ
689 1251 898 1330 πεμπόμενοι.

274 1357 346 1442 Cap
373 1361 410 1423 ll
444 1361 461 1444 b
485 1362 514 1424 1.
548 1363 632 1428 οἰλλοί
661 1367 739 1447 πρός
767 1362 926 1444 γεωργίαν
956 1369 1011 1442 τῆς
1045 1352 1252 1443 Χερσονήσου
1279 1384 1352 1444 τρα·

229 1479 360 1552 πόμενοι
383 1479 437 1539 καί
463 1476 616 1562 λῃστείαν
642 1475 713 1561 [τῆς
733 1484 849 1560 τροφῆς
866 1475 1012 1559 ἀπορίη]
1049 1472 1118 1536 Tria
1139 1473 1245 1536 ultima
1260 1470 1351 1536 verba

229 1608 265 1648 ex
288 1586 380 1650 initio
405 1588 511 1672 capitis
535 1588 611 1652 male
635 1588 766 1672 repetita
790 1587 964 1651 deleverim.

272 1700 345 1786 Cap.
372 1705 412 1768 12
436 1704 453 1787 b
478 1705 509 1766 1.
537 1709 591 1768 καί
621 1711 746 1780 στάσεις
774 1691 809 1772 ἓν
837 1713 933 1780 ταῖς
964 1705 1141 1770 πόλεσιν
1169 1709 1213 1780 uie
1238 1709 1290 1769 ἐπὶ
1315 1707 1350 1771 τό

228 1820 310 1884 πολε)
338 1823 519 1900 ἐμίγνυντο,
546 1819 601 1898 a'p’
623 1809 669 1886 aiv
696 1823 908 1897 ἐκπίπτοντες
938 1825 1009 1897 τὰς
1033 1819 1182 1895 πόλεις
1212 1822 1352 1899 ἔκτιζον.

228 1930 284 1994 Vel
301 1931 340 1996 ob
357 1954 530 2016 praegressa
547 1939 581 2000 ἐν
601 1942 671 2009 ταῖς
688 1935 818 2000 πόλεσιν
835 1956 896 1998 non
912 1933 974 1996 iero
999 1939 1065 2009 τὰς
1089 1933 1209 2011 πόλεις.
1239 1931 1358 1999 Ειοοο-“

157 2129 159 2132 ¹
228 2045 310 2109 datio
334 2046 449 2110 incerta
473 2054 525 2112 est.
575 2047 725 2133 Expectes
749 2056 865 2127 καινάς
892 2047 938 2110 vel
963 2047 1067 2124 ἄλλας
1091 2046 1139 2109 vel
1162 2051 1326 2132 ἑτέρας.

272 2160 347 2246 Cap.
374 2163 415 2227 13
439 2165 453 2245 ᾗ
479 2165 507 2227 1.
532 2168 670 2231 καὶτῶν
692 2171 860 2252 χρημάτων
886 2170 945 2246 τὴν
968 2173 1079 2244 κτῆσιν
1105 2165 1153 2228 ἔτι
1178 2161 1217 2246 (l.
1234 2191 1265 2228 τι
1283 2183 1351 2226 eum

227 2273 384 2360 Kriigero)
405 2279 530 2357 μᾶλλον
558 2277 591 2363 [ἤ
606 2279 775 2364 πρότερον]
801 2278 1006 2362 ποιουμένης.
1032 2274 1126 2338 Recte
1147 2273 1202 2340 Kr.
1223 2274 1352 2339 delenda

227 2396 331 2454 censet
354 2377 497 2455 vocabula
521 2399 541 2476 ἤ
566 2400 732 2477 πρότερον.
762 2389 948 2455 Incredibile
972 2389 1056 2454 dictu
1080 2396 1138 2468 est,
1157 2412 1351 2476 quamsaepe

227 2504 307 2569 idem
338 2503 646 2592 interpretamentum
677 2505 708 2568 in
741 2504 828 2570 codd.
856 2504 929 2568 hnic
953 2503 1153 2588 comparativo
1178 2503 1348 2570 adhaereat.

226 2619 341 2684 Eodem
366 2619 541 2684 liberandus
564 2626 610 2682 est
634 2620 718 2684 locus
742 2618 788 2683 IV
813 2623 873 2686 66:
898 2623 928 2687 οί
952 2622 986 2686 δὲ
1012 2620 1101 2703 φίλοι
1126 2625 1191 2688 τῶν
1208 2622 1269 2698 ἔξω
1292 2626 1350 2688 τόν

227 2745 329 2819 θροῦν
359 2743 547 2820 αἰσθόμενοι
580 2741 724 2822 φανερῶς
751 2734 875 2818 μᾶλλον
908 2733 941 2820 [ἤ
968 2735 1137 2819 πρότερον]
1171 2739 1225 2800 καί
1257 2736 1350 2801 αὐτοὶ

226 2852 339 2934 ἠξίουν
368 2857 485 2917 τοείτου
509 2859 565 2917 τοῦ
594 2853 692 2931 λόγον
721 2853 856 2937 ἔχεσθαι
881 2853 911 2911 et
935 2847 982 2910 VI
1006 2848 1063 2912 19:
1088 2847 1200 2933 πολλῷ
1224 2849 1350 2933 μᾶλλον

229 2965 262 3048 [ἤ
278 2966 446 3049 πρότερον]
465 2967 612 3052 ὥρμηντο
635 2971 830 3050 στρατεύειν.
856 2961 919 3025 Alii
937 2960 1111 3026 emblemati
1128 2960 1209 3024 idem
1224 2963 1350 3046 μᾶλλον

227 3099 331 3141 ansam
356 3077 440 3142 dedit
460 3079 533 3145 172
552 3083 739 3163 νομίζοντες
754 3079 880 3161 μᾶλλον
904 3083 947 3142 ἂν
970 3079 1086 3154 αὐτούς
1104 3081 1137 3142 ἐκ
1156 3087 1219 3145 τῶν
1245 3077 1349 3160 λόγων

226 3200 304 3278 πρὸς
328 3199 363 3259 τὸ
387 3197 559 3281 ἡσυχάζειν
576 3195 760 3277 τραπέσθαι
783 3193 817 3279 [ἡ
840 3197 917 3275 πρός
934 3197 969 3258 τό
986 3192 1167 3277 πολεμείν],
1189 3191 1270 3276 quod
1288 3214 1349 3257 non

225 3305 335 3385 latuit,
359 3329 448 3392 quem
472 3331 566 3394 pauca
589 3308 621 3372 in
647 3307 704 3372 hoc
728 3328 836 3391 genere
858 3305 972 3382 latent,
998 3302 1160 3368 (lebetum.
1211 3303 1257 3368 Ib.
1287 3305 1305 3388 ό
1330 3309 1349 3370 2

226 3424 282 3508 ἔτη
311 3419 339 3488 d’
370 3428 436 3488 ἐστί
470 3423 610 3507 μάλιστα
638 3429 806 3508 τριακόσια
838 3427 869 3497 ἐς
894 3427 953 3505 τὴν
985 3421 1137 3504 τελευτὴν
1173 3422 1264 3486 τοῦδε
1294 3429 1349 3488 τοῦ

226 3537 381 3621 πολέμου,
408 3542 461 3603 ὅτε
490 3538 706 3621 Ἀμεινοκλῆς
728 3542 869 3621 Σαμίοις
892 3534 1006 3619 ἦλθεν.
1039 3539 1205 3623 ναυμαχία
1229 3562 1263 3601 τε
1287 3564 1350 3602 πα·

226 3651 364 3739 λαιτάτη
388 3647 434 3720 ὧν
456 3655 546 3737 ’ίσμεν
568 3659 716 3735 γίγνεται
739 3655 929 3736 Κορινθίων
946 3655 1023 3736 πρός
1040 3653 1274 3735 Κερκυραίους·
1293 3649 1350 3736 ἕνη

227 3767 261 3830 δὲ
288 3767 429 3851 μάλιστα
457 3773 526 3834 καί
556 3773 687 3847 ταιίτμ
712 3769 870 3851 ἑξήκοντα
898 3770 952 3830 καί
979 3766 1128 3830 όιακόσιόι
1160 3769 1226 3828 ἐστι
1257 3767 1350 3850 με’χρι

228 3892 282 3948 τοῦ
308 3885 405 3949 αὐτοῦ
439 3889 565 3970 χρόνον.
616 3881 793 3945 Offensionc
825 3903 888 3944 uon
921 3885 1001 3943 caret
1032 3883 1088 3944 καί
1123 3885 1194 3942 ante
1223 3885 1346 3966 ταιίτη,

228 3995 298 4080 quia
320 3995 352 4058 in
376 3996 557 4081 praegressis
581 4019 643 4060 non
665 3996 702 4060 de
719 3996 822 4060 eodem
841 3995 894 4060 sed
919 3994 1035 4057 diverso
1053 4015 1200 4057 annorum
1225 4015 1351 4058 numero

227 4111 262 4173 fit
288 4111 408 4174 mentio.
437 4111 520 4176 Hinc
543 4112 613 4176 vide
637 4134 738 4177 ennon
760 4111 872 4176 rectius
888 4109 1035 4174 vocabula
1059 4115 1113 4175 καί
1139 4115 1240 4197 ταιίτη
1258 4107 1349 4172 omit-

229 4233 296 4290 tant
319 4225 391 4290 boni
415 4227 502 4292 codd.
527 4232 631 4296 ABE
654 4236 684 4292 et
710 4229 795 4292 Om.
816 4250 859 4313 pr.
907 4225 954 4290 Ib.
981 4227 1001 4314 b
1023 4229 1052 4290 5.
1076 4226 1291 4310 Πολυκράτης
1308 4260 1351 4272 »-

227 4352 374 4426 Ρήνειαν
397 4343 480 4409 ἑλὼν
505 4347 690 4429 οίνέθηκε
716 4353 759 4429 τῴ
785 4340 988 4409 Ἀπόλλωνι.
1036 4338 1226 4424 Quamquam
1247 4337 1351 4401 eadem

229 4455 319 4520 verba
335 4465 493 4522 recurrunt
505 4457 559 4522 ΙΙΙ
577 4461 640 4525 104
662 4459 678 4542 ό
697 4461 729 4533 2,
759 4457 806 4521 vel
827 4456 871 4520 sic
889 4433 989 4519 tamen
1011 4451 1047 4516 de
1069 4453 1196 4516 veritate
1212 4457 1351 4536 receptae

227 4570 371 4636 lectionis
398 4571 583 4652 subdubito,
609 4573 692 4659 quia,
719 4572 777 4636 nisi
801 4571 900 4650 fallor,
924 4575 959 4633 ut
983 4567 1073 4632 verba
1096 4571 1295 4636 ἅνατίθεναι
1321 4573 1352 4629 et
