3190 5232
814 458 856 522 14

316 647 392 734 Cap.
417 649 456 712 77
481 649 498 732 ό
522 649 552 712 3.
576 649 613 714 οὐ
637 653 691 712 τοῦ
715 645 865 722 πλείονος
891 643 1016 730 (rectius
1041 646 1084 710 sic
1106 645 1177 710 libri
1199 647 1323 731 quidam
1339 671 1393 734 pro

273 765 426 847 πλέονος)
448 770 488 846 μὴ
515 768 749 847 στερισκόμενοι
774 768 866 846 χάριν
884 763 1024 847 ε’χονοιν,
1042 764 1125 828 οἰλλὰ
1150 777 1212 831 τοῦ
1239 767 1394 840 ἐνδεοῦς

273 880 497 966 χαλεπώτερον
530 877 681 961 φέρουσιν
717 883 737 958 ἠ
769 881 797 940 εἰ
827 877 891 942 οἷπό
923 881 1051 961 πρώτης
1086 879 1286 961 ἀποθέμενοι
1322 884 1394 946 τὸν

272 1001 399 1078 νόμον
424 999 570 1077 φανερῶς
594 991 875 1075 ἐπλεονεκτοόμεν.
922 991 1036 1053 Actum
1059 990 1117 1054 erit
1141 991 1178 1055 <le
1200 992 1396 1077 grammatica

272 1106 402 1182 Graeca,
426 1106 453 1169 si
477 1103 637 1169 formulam
658 1105 806 1191 χαλεπῶς
826 1106 935 1188 φέρειν
954 1111 1035 1168 recte
1052 1105 1236 1170 Genetivum
1253 1109 1397 1172 asciscere

272 1220 329 1284 erit
360 1219 596 1284 concedendum.
643 1217 682 1282 In
710 1218 796 1283 cuius
827 1219 871 1282 rei
900 1219 990 1282 fidem
1024 1241 1113 1303 quem
1143 1221 1271 1286 laudant
1297 1223 1396 1287 locum

269 1336 450 1420 interpretes
474 1333 509 1398 ΙΙ
535 1337 576 1400 62
602 1335 619 1418 ό
643 1334 663 1398 3
687 1333 715 1396 ei
738 1332 804 1396 loco
821 1333 989 1397 testimonii
1003 1334 1101 1399 dictio
1118 1358 1180 1400 non
1198 1344 1258 1416 est,
1284 1338 1396 1422 quippe

270 1450 302 1514 iu
334 1471 394 1533 quo
418 1448 537 1512 Dobree
561 1446 714 1532 sagaciter
737 1446 891 1511 intellexit
915 1470 1001 1532 prou.
1026 1453 1134 1518 αοτὼν
1159 1450 1307 1516 scholium
1332 1474 1396 1515 esse

270 1565 342 1629 olim
367 1563 554 1647 adscriptum
577 1560 614 1625 ad
637 1562 846 1648 ολιγωρῆοαι.
895 1561 1049 1627 Fruuntur
1072 1572 1173 1629 autem
1193 1565 1307 1630 iudicio
1324 1589 1395 1646 suc,

270 1679 322 1764 qui
347 1676 548 1742 diversissima
576 1657 737 1739 miscentes
764 1696 826 1738 non
851 1674 940 1739 aliter
964 1698 1027 1761 cap.
1055 1678 1095 1743 75
1124 1680 1139 1763 p
1164 1680 1182 1743 1
1209 1679 1396 1746 Genetivum

269 1798 367 1881 ἀρχῆς
391 1791 520 1876 pendere
544 1789 580 1854 ab
605 1797 791 1871 ἐπιφθόνως
816 1792 1004 1857 διακεῖσθαι
1028 1797 1197 1858 autumant.
1234 1792 1397 1879 Compares

272 1906 359 1970 velim
392 1927 468 1989 quae
499 1904 637 1989 exempla
669 1904 708 1968 ad
731 1926 796 1987 cap.
824 1907 864 1969 22
889 1906 904 1988 ᾗ
929 1906 949 1969 3
973 1912 1003 1968 et
1026 1905 1065 1969 ad
1089 1929 1155 1990 cap.
1179 1909 1220 1974 36
1245 1911 1259 1991 §
1284 1912 1303 1974 2
1328 1909 1397 1973 dili-

272 2029 378 2106 genter
401 2020 522 2105 collegit
548 2019 691 2094 Classen,
714 2024 746 2081 et
771 2017 887 2082 videbis
910 2039 1002 2103 quam
1026 2019 1089 2083 sint
1113 2043 1147 2085 ea
1168 2029 1234 2085 toto
1251 2023 1334 2087 coelo
1350 2023 1397 2087 di-

272 2158 364 2203 versa.
399 2135 448 2199 Ne
471 2135 582 2198 multa:
609 2114 862 2197 leni'mutatione
886 2133 1117 2199 rescribendum
1141 2135 1286 2202 arbitror:
1310 2140 1394 2207 ἀλλὰ

270 2255 471 2329 τοονδεὲς
503 2252 727 2340 χαλεπώτερον
759 2250 924 2335 φέρουσιν.
972 2247 1071 2313 Crasis
1101 2273 1163 2316 non
1195 2251 1351 2318 intellecta
1377 2276 1394 2317 a

270 2367 401 2433 librariis
433 2365 618 2449 corruptelae
651 2386 739 2428 causa
771 2363 848 2442 fuit;
872 2364 1126 2448 quemadmodum
1155 2366 1212 2430 hoc
1235 2367 1303 2451 ipso
1327 2368 1394 2433 loco

271 2485 382 2549 scribas
406 2483 513 2560 latuit,
536 2480 608 2566 quid
633 2479 691 2544 sibi
710 2478 801 2543 vellet
819 2487 1046 2564 τοόννομον,
1071 2479 1151 2564 quod
1169 2503 1204 2544 ex
1221 2487 1277 2549 τόν
1295 2490 1393 2567 νόμον

270 2606 357 2663 acute
380 2596 553 2682 expiscatus
576 2602 622 2659 est
645 2595 776 2678 Kriiger.
825 2592 911 2673 Quae
937 2593 1179 2678 elegantissimae
1202 2596 1395 2660 coniecturae

269 2713 412 2777 obmovet
443 2710 567 2774 Classen
597 2731 683 2793 spero
713 2707 791 2787 fore,
824 2715 858 2771 ut
886 2707 939 2771 alii
963 2709 1074 2774 melius
1098 2709 1280 2795 intellegant
1302 2733 1393 2794 quam

268 2849 325 2911 ego
349 2824 497 2890 intellexi.

313 2938 387 3024 Cap.
409 2942 451 3005 80
476 2944 551 3004 extr.
575 2959 652 3001 nove
676 2936 795 3002 dictum
820 2945 932 3025 χρόνος
955 2942 1126 3006 ε’νεοται
1153 2961 1207 3024 pro
1230 2946 1394 3027 a'ymg.

268 3081 387 3122 οεται
411 3076 468 3118 nec
491 3060 592 3117 tamen
615 3051 741 3116 fortasse
765 3053 1002 3119 sollicitandum.

313 3169 386 3255 Cap.
412 3172 453 3237 82
478 3172 493 3254 §
518 3173 546 3234 2.
572 3176 627 3236 καὶ
648 3175 687 3236 τὰ
708 3175 816 3238 αὑτῶν
840 3168 889 3251 (al.
911 3171 1032 3252 αὐτῶν)
1049 3175 1117 3255 ἅμα
1133 3174 1391 3255 εἰιποριζώμεθα.

268 3283 363 3347 Nullo
386 3272 536 3347 alio'loeo
560 3289 666 3352 αὑτῶν
692 3281 772 3366 apud
796 3289 934 3346 nostrum
959 3283 1072 3366 legitur
1091 3304 1145 3366 pro
1168 3283 1314 3371 (ἡμέτερ’)
1336 3287 1392 3351 αό-

266 3409 345 3479 τὼν,
379 3406 415 3464 ut
445 3405 525 3463 recte
548 3400 648 3463 estin
672 3398 781 3462 vicinis
805 3400 821 3483 ό
846 3401 877 3463 1.
926 3397 964 3461 In
987 3396 1133 3482 proximis
1157 3396 1322 3462 obliterata
1346 3405 1393 3462 est

266 3513 389 3597 elegans
413 3512 545 3598 ellipsis,
571 3535 630 3597 qua
653 3512 726 3576 inde
750 3512 790 3577 ab
814 3511 949 3575 Homero
974 3511 1020 3576 usi
1045 3519 1118 3576 sunt
1143 3518 1260 3576 veteres
1285 3533 1391 3576 omues

266 3633 299 3695 in
329 3630 459 3695 formula
491 3636 518 3697 εἰ
547 3630 610 3714 (ἡν)
640 3630 699 3713 μέν
726 3647 777 3676 -·
803 3635 830 3694 εἰ
854 3629 921 3713 (ἤν)
948 3631 982 3694 δὲ
1005 3637 1059 3712 μή.
1110 3626 1263 3691 Scribatur
1290 3629 1390 3692 euim:

268 3751 322 3813 καὶ
345 3755 385 3830 ἦν
402 3752 461 3830 μὲν
480 3747 653 3812 εὀαιιοόωοί
670 3770 700 3808 τι
718 3744 981 3828 πρεσβευομένων
998 3749 1086 3825 ἡμῶν
1107 3740 1223 3823 [ταῦτα
1239 3743 1388 3825 ἄριοτα]’

267 3869 306 3944 ἤν
339 3863 373 3926 δὲ
404 3870 462 3946 μή,
498 3859 699 3926 διελθόντων
732 3864 796 3923 ιιτὲ.
843 3854 889 3920 Cf.
914 3855 1053 3937 meo
1078 3853 1221 3919 3et1v
1248 3856 1290 3920 13
1313 3858 1330 3940 ό
1354 3858 1390 3934 3,

271 3972 322 4036 ubi
346 3973 462 4036 variata
486 3972 620 4037 oratione
645 3979 689 4034 est
710 3980 750 4057 ἤν
774 3973 833 4055 μέν
859 4003 901 4016 —-
925 3976 952 4035 εἰ
975 3972 1009 4035 δὲ
1034 3978 1088 4052 μή.

315 4087 385 4173 Cap.
415 4088 456 4153 85
492 4089 508 4172 δ
541 4091 571 4152 2.
611 4088 712 4166 ἔξεστι
741 4087 768 4152 δ’
798 4095 874 4170 ἡμῖν
905 4085 1029 4169 μᾶλλον
1061 4085 1176 4169 ἑτέρων
1209 4085 1263 4149 διὰ
1288 4090 1389 4171 ιὀχόν.

269 4202 369 4266 Schol.
402 4207 506 4290 ἶσχόν,
539 4207 578 4283 ἣν
611 4203 735 4286 ἔχομεν.
780 4198 1033 4282 Exspectaveram
1076 4199 1131 4263 διὰ
1170 4199 1257 4282 (τὴν)
1286 4204 1388 4285 ιὀχόν.

268 4319 332 4380 Aut
360 4315 416 4379 hoo
443 4335 546 4378 verum
571 4319 635 4391 est,
667 4318 722 4376 aut
745 4320 827 4375 certe
850 4333 902 4396 per
926 4312 1083 4376 elisionem
1108 4312 1320 4378 scribendum:
1345 4315 1388 4381 δι’

269 4437 372 4516 ιὀχόν.

313 4544 387 4629 Cap.
405 4547 445 4610 86
470 4545 486 4628 δ
511 4546 541 4608 1.
564 4553 596 4610 Σ
601 4544 795 4619 δενελαλδας
815 4545 922 4620 ἔλεξεν
942 4543 990 4625 [ἐν
1011 4553 1079 4619 τοῖς
1095 4545 1385 4632 Λακεδαιμονίοις]
