3166 5230
825 497 968 564 96,

283 687 377 752 bonas
401 685 563 771 scripturos
588 685 714 750 debetur
736 706 805 747 vere
829 683 918 748 lectio
938 683 998 748 loci
1024 687 1065 748 24
1089 686 1106 766 b
1131 688 1150 750 λ
1177 691 1248 752 ἅτε
1269 691 1329 771 γὰρ
1347 713 1401 752 τα·

283 807 375 889 μιείῳ
403 804 584 890 χρωμένων,
611 800 664 865 ubi
685 798 794 884 reliqui
818 820 922 862 omnes
937 797 1045 861 Ionum
1072 820 1153 862 more
1176 804 1297 861 servant
1312 802 1402 865 ὥστε.

285 916 331 980 Ex
365 915 469 979 eodem
493 914 569 980 libro
594 936 656 998 cap.
687 915 729 978 34
756 914 773 995 d
799 915 817 976 2
843 911 1048 996 recipiendum
1074 923 1128 980 τοῖν
1157 917 1273 1000 χωρίου
1299 951 1339 960 -
1368 917 1402 980 έν

285 1036 350 1114 (pro
374 1027 439 1114 ἐφ’)
464 1021 490 1117 ᾧ
516 1032 663 1115 ὥρμουν,
687 1028 724 1092 cl.
749 1028 765 1111 b
788 1029 816 1090 7.
864 1025 956 1090 Aliud
979 1026 1060 1090 enim
1085 1033 1131 1090 est
1155 1031 1313 1111 ἐφορμεῖν.

328 1144 403 1229 Cap.
423 1145 464 1210 25
478 1147 494 1230 b
507 1147 538 1207 3.
558 1148 591 1220 ές
608 1171 640 1210 τε
654 1147 798 1228 Λοκροὸς
810 1147 888 1226 μετὰ
903 1150 1006 1209 ταῦτα
1019 1141 1123 1226 ἦλθον
1137 1140 1403 1226 (Syracusanorum

284 1262 387 1342 noves]
402 1263 456 1325 καλ
472 1264 636 1344 ὁρμουσῶν
651 1260 788 1324 αὐτῶν
803 1255 884 1339 (fort.
898 1259 946 1322 αὐ
957 1259 1041 1340 τοῦ)
1057 1257 1251 1346 κατέπλευσε
1263 1261 1321 1341 μία
1337 1263 1402 1323 τῶν

254 1447 258 1451 ,
284 1375 432 1442 ὁλκάδων
454 1380 580 1455 ἄγουσα
607 1375 772 1441 Θεσπιέων
793 1372 824 1456 (l.
848 1375 1010 1454 Θεσπιῶν)
1026 1373 1183 1452 ὁπλίτας,
1203 1379 1256 1439 καὶ
1281 1373 1403 1440 οἷναλα·

286 1494 398 1576 βὸντες
423 1490 539 1566 αὐτούς
562 1493 593 1555 οἱ
608 1496 807 1573 Συρακόσιοι
833 1493 885 1553 ἐπὶ
910 1492 967 1562 τὰς
985 1498 1062 1562 ναῦς
1087 1488 1331 1571 παρέπλεον
1356 1487 1406 1553 ἐπ’

287 1607 390 1671 οἴκου.
423 1601 553 1666 Difficile
576 1600 669 1665 fuerit
693 1601 902 1685 παραπλεῖν
937 1599 1041 1664 Locris
1066 1598 1247 1685 Syracusas:
1272 1600 1309 1663 de
1340 1606 1406 1663 toto

287 1718 394 1782 saltem
418 1738 507 1781 cursu
530 1717 563 1779 id
588 1715 713 1780 verbum
742 1714 881 1800 usurpari
913 1736 973 1778 non
997 1713 1109 1798 potuit.
1138 1712 1256 1778 Idcirco
1281 1735 1297 1777 e
1321 1712 1407 1777 vati-

285 1853 360 1894 cano
383 1830 588 1916 recipiendum
613 1829 688 1894 duco
715 1831 880 1906 έπλεον,
905 1828 978 1892 licet
1000 1849 1061 1890 uon
1086 1848 1194 1911 negem
1220 1827 1347 1890 fortasse
1371 1827 1404 1891 in

284 1946 482 2029 παρέπλεον
510 1943 605 2007 latere
627 1944 812 2012 ἀπέπλεον.
830 1980 872 1989 -
897 1943 914 2025 ὁ
939 1942 969 2006 5.
995 1943 1098 2027 ὥσπερ
1122 1947 1194 2026 περὶ
1218 1942 1309 2028 έρμα.
1332 1938 1401 2003 Ill.

284 2057 344 2120 Dio
366 2055 399 2119 (l.
423 2056 537 2121 XLIII
557 2059 597 2120 31
624 2059 694 2141 ὁ3.
720 2095 762 2105 ·-
783 2057 800 2140 b
824 2060 853 2119 7.
879 2061 1030 2143 ἔπεμψαν
1049 2093 1089 2103 -
1107 2057 1404 2138 ἀγγέλλοντας.

286 2170 336 2235 Ita
367 2171 442 2234 male
471 2171 574 2234 editur
604 2193 657 2255 pro
688 2173 922 2255 οἷνγελοῖνντας,
951 2192 1007 2236 neo
1027 2171 1136 2235 melius
1164 2171 1211 2235 VI
1239 2174 1280 2237 88
1312 2171 1329 2255 ὁ
1363 2173 1403 2236 11

288 2286 484 2370 πέμπειν-
501 2286 746 2363 κωλύοντας
771 2307 824 2370 pro
846 2286 1059 2362 κωλύσοντας.
1108 2284 1288 2348 Succenseas
1308 2283 1406 2348 edito·
1483 2351 1485 2359 Α

288 2397 372 2462 ribus
392 2397 460 2482 plus
475 2397 682 2463 tribuentibus
698 2399 835 2463 codicum
860 2399 925 2465 scil.
949 2399 1037 2479 fidei,
1060 2399 1178 2485 quaein
1195 2399 1308 2464 talibus
1324 2399 1406 2463 nulla

290 2517 345 2591 est,
368 2533 457 2596 quam
479 2534 568 2577 sanae
590 2513 720 2593 rationi,
734 2536 810 2598 quae
823 2513 904 2598 opud
928 2514 1046 2578 nullum
1063 2514 1208 2600 populum
1221 2514 1290 2599 plus
1312 2514 1419 2582 veluit!

288 2650 378 2711 quam
403 2627 485 2712 apud
510 2627 654 2693 Graecos.
702 2629 742 2693 Et
765 2628 811 2692 bis
840 2627 960 2713 quidem
985 2629 1058 2693 locis
1088 2629 1274 2694 dissentiunt
1298 2629 1407 2713 quibus

288 2748 407 2806 tontum
440 2742 583 2807 tribuunt
614 2742 753 2807 testibus.
799 2743 838 2807 In
870 2742 1072 2828 compluribus
1104 2743 1185 2807 enim
1221 2750 1338 2807 servata
1361 2749 1407 2807 est

288 2879 358 2922 vera
380 2857 482 2922 lectio.
499 2895 540 2905 -
557 2857 594 2920 ln
618 2866 751 2922 extremo
774 2861 872 2945 capite
892 2861 997 2926 abesse
1023 2862 1122 2926 malim
1146 2861 1290 2927 vocabule
1315 2869 1349 2932 έν
1367 2874 1406 2951 τῇ

289 2973 442 3058 Σικελίᾳ.

333 3085 450 3170 †Oap.
480 3089 557 3172 tlt
586 3091 611 3151 1.
638 3090 822 3156 διενοοῦντο
856 3092 971 3165 αὐτούς
996 3087 1158 3172 (Thraces)
1194 3088 1294 3157 πάλιν
1325 3092 1405 3156 ὅθεν

289 3201 392 3287 ἦλθον
419 3201 465 3284 [ές
494 3203 641 3291 Θρᾴκην]
671 3202 935 3286 ἀποπέμπεινλ
980 3201 1029 3266 (lf.
1061 3201 1078 3265 I
1110 3204 1151 3268 89
1183 3205 1406 3289 διεκομίζοντο

259 3379 264 3387 .
290 3318 387 3394 εὐθὸς
416 3321 495 3384 ὅθεν
527 3320 723 3395 ὑπεξέθεντο
752 3319 873 3394 παῖδας
899 3323 953 3384 καλ
983 3329 1152 3400 γυναῖκας.
1178 3317 1365 3382 -Deinde
1391 3341 1408 3381 e

290 3431 356 3496 cod.
386 3430 532 3495 Vaticano
555 3431 697 3516 recipiam
720 3434 863 3520 δραχμὴν
889 3440 948 3519 γὰρ
975 3442 1028 3516 τῆς
1059 3436 1176 3520 ἡμέρας
1206 3434 1407 3521 ἐλαμβανον

292 3550 358 3632 (pro
375 3533 583 3635 ἐλάμβανεν),
610 3548 662 3630 qui
681 3548 837 3632 legitimus
856 3570 927 3611 usus
950 3547 1034 3611 Plur.
1058 3547 1175 3611 numeri
1191 3555 1260 3631 post
1275 3549 1409 3625 ἕκαστος

291 3661 409 3747 quoties
438 3684 454 3724 o
478 3661 584 3726 scribis
607 3661 786 3726 obliteratus
810 3661 850 3725 sit
873 3661 994 3726 difficile
1018 3661 1100 3725 dictu
1123 3667 1181 3725 est.
1206 3662 1223 3744 b
1248 3665 1277 3726 2.
1301 3673 1321 3748 ἡ
1348 3669 1408 3729 Δε-

293 3778 400 3844 κέλεια
428 3814 471 3825 -
507 3787 661 3864 φρουραῖς
696 3782 759 3846 dno·
799 3787 864 3845 τῶν
905 3780 1168 3848 πόλεων.κατὰ
1201 3778 1408 3864 διαδοχὴν

293 3900 444 3980 χρόνον
470 3898 634 3970 ἐπιοιλσαις
660 3905 699 3979 τῇ
723 3900 810 3980 χώρα
836 3899 1001 3980 ἐπῳκεῖτο.
1027 3892 1108 3956 Male
1131 3889 1268 3955 abundat
1293 3897 1409 3979 χρόνον

292 4005 323 4069 in
346 4005 475 4071 formula
499 4013 582 4075 κατὰ
607 4009 772 4096 διαδοχὴν.
798 4007 844 4072 Of.
868 4007 915 4070 IV
934 4009 1003 4073 857
1028 4015 1059 4070 et
1082 4004 1146 4069 VII
1170 4007 1211 4070 82
1235 4007 1251 4090 b
1275 4007 1304 4069 2.
1352 4002 1410 4066 Re·

293 4121 389 4205 petita
411 4121 630 4206 praepositione
653 4123 876 4206 reponendum:
896 4129 979 4190 κατὰ
1004 4123 1175 4208 διαδοχὴν
1194 4119 1274 4202 (διὰ)
1294 4125 1410 4210 χρόνου

295 4242 360 4302 κτὲ.
384 4235 404 4300 i.
431 4259 456 4301 e.
481 4235 661 4322 interlapso
685 4236 798 4326 aliquo
819 4244 968 4323 tempore.
983 4237 1054 4320 -ρ
1078 4236 1108 4299 3.
1127 4241 1196 4301 τότε
1214 4235 1247 4304 δέ
1261 4235 1411 4319 ’ξυνεχῶς

293 4501 388 4548 καυσέκ
412 4507 435 4544 et
454 4497 483 4546 bl
503 4498 545 4558 §l
573 4501 639 4555 ναῦς
660 4509 711 4562 post
738 4495 839 4550 ἕνδεκα
867 4505 937 4562 utque
960 4498 1046 4548 ibidem
1064 4496 1130 4555 κεὸνς
1157 4504 1210 4560 post
1225 4499 1302 4559 μιᾶς,
1328 4493 1410 4542 deinde

293 4591 417 4654 §trude
436 4595 489 4654 post
506 4590 668 4653 Λευκαδία,
691 4599 713 4640 ul
734 4594 800 4656 pluro
819 4593 919 4642 eiusdem
937 4591 1028 4655 generis
1046 4605 1177 4640 memorare
1194 4587 1362 4652 supersedeam.
