<?xml version="1.0" encoding="UTF-8"?>
<!DOCTYPE html PUBLIC "-//W3C//DTD XHTML 1.0 Transitional//EN"
    "http://www.w3.org/TR/xhtml1/DTD/xhtml1-transitional.dtd">
<html xmlns="http://www.w3.org/1999/xhtml" xml:lang="en" lang="en">
 <head>
  <title>
</title>
<meta http-equiv="Content-Type" content="text/html;charset=utf-8" />
  <meta name='ocr-system' content='tesseract 3.04.00' />
  <meta name='ocr-capabilities' content='ocr_page ocr_carea ocr_par ocr_line ocrx_word'/>
</head>
<body>
  <div class='ocr_page' id='page_1' title='image "./studiathucydide00herwgoog_0068.png"; bbox 0 0 3190 5232; ppageno 0'>
   <div class='ocr_carea' id='block_1_1' title="bbox 750 480 791 548">
    <p class='ocr_par' dir='ltr' id='par_1_1' title="bbox 750 480 791 548">
     <span class='ocr_line' id='line_1_1' title="bbox 750 480 791 548; baseline -0.049 0"><span class='ocrx_word' id='word_1_1' title='bbox 750 480 791 548; x_wconf 85' lang='grc'><strong>55</strong></span> 
     </span>
    </p>
   </div>
   <div class='ocr_carea' id='block_1_2' title="bbox 144 659 1384 4655">
    <p class='ocr_par' dir='ltr' id='par_1_2' title="bbox 208 659 1326 870">
     <span class='ocr_line' id='line_1_2' title="bbox 253 659 1326 756; baseline -0.006 -23"><span class='ocrx_word' id='word_1_2' title='bbox 253 667 326 754; x_wconf 77' lang='lat' dir='ltr'><strong>(lap.</strong></span> <span class='ocrx_word' id='word_1_3' title='bbox 339 672 393 756; x_wconf 86' lang='lat'><strong>44</strong></span> <span class='ocrx_word' id='word_1_4' title='bbox 416 671 430 753; x_wconf 81' lang='lat'>§</span> <span class='ocrx_word' id='word_1_5' title='bbox 455 668 474 734; x_wconf 89' lang='grc'>5</span> <span class='ocrx_word' id='word_1_6' title='bbox 499 665 701 754; x_wconf 84' lang='lat' dir='ltr'><strong>expungenda</strong></span> <span class='ocrx_word' id='word_1_7' title='bbox 718 665 859 732; x_wconf 85' lang='lat' dir='ltr'><strong>videntur</strong></span> <span class='ocrx_word' id='word_1_8' title='bbox 875 662 1018 728; x_wconf 86' lang='lat' dir='ltr'><strong>vocabula</strong></span> <span class='ocrx_word' id='word_1_9' title='bbox 1039 665 1092 738; x_wconf 76' lang='grc' dir='ltr'><strong>οὓς</strong></span> <span class='ocrx_word' id='word_1_10' title='bbox 1113 659 1326 743; x_wconf 75' lang='grc' dir='ltr'><strong><em>ἐγκατέλιπον</em></strong></span> 
     </span>
     <span class='ocr_line' id='line_1_3' title="bbox 208 783 644 870; baseline 0.002 -21"><span class='ocrx_word' id='word_1_11' title='bbox 208 785 365 850; x_wconf 79' lang='lat' dir='ltr'><strong>inutiliter</strong></span> <span class='ocrx_word' id='word_1_12' title='bbox 387 783 518 870; x_wconf 87' lang='lat' dir='ltr'><strong>repetita</strong></span> <span class='ocrx_word' id='word_1_13' title='bbox 542 807 558 848; x_wconf 92' lang='lat' dir='ltr'><strong>e</strong></span> <span class='ocrx_word' id='word_1_14' title='bbox 575 787 592 868; x_wconf 67' lang='lat' dir='ltr'><strong>p</strong></span> <span class='ocrx_word' id='word_1_15' title='bbox 612 786 644 851; x_wconf 86' lang='lat'><strong>4.</strong></span> 
     </span>
    </p>

    <p class='ocr_par' dir='ltr' id='par_1_3' title="bbox 210 880 1329 1324">
     <span class='ocr_line' id='line_1_4' title="bbox 253 880 1329 983; baseline -0.005 -21"><span class='ocrx_word' id='word_1_16' title='bbox 253 908 273 976; x_wconf 94' lang='lat'>†</span> <span class='ocrx_word' id='word_1_17' title='bbox 297 896 371 983; x_wconf 80' lang='lat' dir='ltr'><strong>Gap.</strong></span> <span class='ocrx_word' id='word_1_18' title='bbox 397 900 439 964; x_wconf 87' lang='lat'><strong>45</strong></span> <span class='ocrx_word' id='word_1_19' title='bbox 465 899 482 980; x_wconf 64' lang='lat' dir='ltr'><strong>p</strong></span> <span class='ocrx_word' id='word_1_20' title='bbox 507 900 537 963; x_wconf 90' lang='grc'><strong>3.</strong></span> <span class='ocrx_word' id='word_1_21' title='bbox 577 904 632 966; x_wconf 86' lang='grc' dir='ltr'><strong>τὸν</strong></span> <span class='ocrx_word' id='word_1_22' title='bbox 657 908 712 982; x_wconf 78' lang='grc' dir='ltr'><strong>τῆς</strong></span> <span class='ocrx_word' id='word_1_23' title='bbox 736 905 964 983; x_wconf 88' lang='grc' dir='ltr'><strong><em>Χερσοννήσον</em></strong></span> <span class='ocrx_word' id='word_1_24' title='bbox 990 897 1107 976; x_wconf 74' lang='grc' dir='ltr'><strong><em>ι’σάμὸν</em></strong></span> <span class='ocrx_word' id='word_1_25' title='bbox 1128 928 1164 939; x_wconf 94' lang='grc'><strong>-</strong></span> <span class='ocrx_word' id='word_1_26' title='bbox 1192 896 1235 958; x_wconf 77' lang='grc' dir='ltr'><strong>ἐν</strong></span> <span class='ocrx_word' id='word_1_27' title='bbox 1260 880 1286 976; x_wconf 76' lang='lat' dir='ltr'><strong>qi</strong></span> <span class='ocrx_word' id='word_1_28' title='bbox 1308 899 1329 976; x_wconf 88' lang='grc' dir='ltr'><strong><em>ή</em></strong></span> 
     </span>
     <span class='ocr_line' id='line_1_5' title="bbox 210 1002 1329 1100; baseline -0.013 -20"><span class='ocrx_word' id='word_1_29' title='bbox 210 1019 361 1100; x_wconf 81' lang='grc' dir='ltr'><strong><em>Μεθώνη</em></strong></span> <span class='ocrx_word' id='word_1_30' title='bbox 399 1017 474 1080; x_wconf 80' lang='grc' dir='ltr'><strong><em>ἐστι’.</em></strong></span> <span class='ocrx_word' id='word_1_31' title='bbox 521 1011 553 1074; x_wconf 89' lang='lat' dir='ltr'><strong>Si</strong></span> <span class='ocrx_word' id='word_1_32' title='bbox 576 1010 710 1096; x_wconf 85' lang='lat' dir='ltr'><strong>genuina</strong></span> <span class='ocrx_word' id='word_1_33' title='bbox 742 1015 813 1073; x_wconf 90' lang='lat' dir='ltr'><strong>sunt</strong></span> <span class='ocrx_word' id='word_1_34' title='bbox 844 1007 986 1072; x_wconf 83' lang='lat' dir='ltr'><strong>voeabula</strong></span> <span class='ocrx_word' id='word_1_35' title='bbox 1007 1013 1041 1075; x_wconf 80' lang='grc' dir='ltr'><strong>ἐν</strong></span> <span class='ocrx_word' id='word_1_36' title='bbox 1067 1043 1106 1054; x_wconf 86' lang='lat'><em>-</em></span> <span class='ocrx_word' id='word_1_37' title='bbox 1136 1009 1215 1084; x_wconf 84' lang='grc' dir='ltr'><strong><em>ἐστι’,</em></strong></span> <span class='ocrx_word' id='word_1_38' title='bbox 1240 1002 1329 1068; x_wconf 76' lang='grc' dir='ltr'><strong><em>σοιτί-</em></strong></span> 
     </span>
     <span class='ocr_line' id='line_1_6' title="bbox 211 1118 1329 1213; baseline -0.01 -21"><span class='ocrx_word' id='word_1_39' title='bbox 211 1127 344 1212; x_wconf 87' lang='lat' dir='ltr'><strong>gendum</strong></span> <span class='ocrx_word' id='word_1_40' title='bbox 367 1134 380 1194; x_wconf 77' lang='grc' dir='ltr'>ἐ</span> <span class='ocrx_word' id='word_1_41' title='bbox 391 1155 409 1195; x_wconf 89' lang='grc' dir='ltr'><strong><em>ν</em></strong></span> <span class='ocrx_word' id='word_1_42' title='bbox 437 1120 457 1213; x_wconf 86' lang='grc' dir='ltr'><strong><em>ή</em></strong></span> <span class='ocrx_word' id='word_1_43' title='bbox 482 1135 559 1202; x_wconf 64' lang='lat' dir='ltr'><strong>nrt,</strong></span> <span class='ocrx_word' id='word_1_44' title='bbox 586 1125 656 1210; x_wconf 86' lang='lat' dir='ltr'><strong>quia</strong></span> <span class='ocrx_word' id='word_1_45' title='bbox 680 1123 751 1189; x_wconf 85' lang='lat' dir='ltr'><strong>urbs</strong></span> <span class='ocrx_word' id='word_1_46' title='bbox 775 1123 919 1188; x_wconf 90' lang='lat' dir='ltr'><strong>Methone</strong></span> <span class='ocrx_word' id='word_1_47' title='bbox 936 1144 997 1187; x_wconf 92' lang='lat' dir='ltr'><strong>non</strong></span> <span class='ocrx_word' id='word_1_48' title='bbox 1013 1122 1043 1184; x_wconf 91' lang='lat' dir='ltr'><strong>in</strong></span> <span class='ocrx_word' id='word_1_49' title='bbox 1061 1120 1174 1184; x_wconf 86' lang='lat' dir='ltr'><strong>isthmo</strong></span> <span class='ocrx_word' id='word_1_50' title='bbox 1191 1118 1249 1182; x_wconf 90' lang='lat' dir='ltr'><strong>sita</strong></span> <span class='ocrx_word' id='word_1_51' title='bbox 1264 1123 1329 1182; x_wconf 87' lang='lat' dir='ltr'><strong>erat</strong></span> 
     </span>
     <span class='ocr_line' id='line_1_7' title="bbox 210 1239 663 1324; baseline 0.009 -20"><span class='ocrx_word' id='word_1_52' title='bbox 210 1240 314 1304; x_wconf 87' lang='lat' dir='ltr'><strong>sedin</strong></span> <span class='ocrx_word' id='word_1_53' title='bbox 339 1239 405 1324; x_wconf 87' lang='lat' dir='ltr'><strong>ipsa</strong></span> <span class='ocrx_word' id='word_1_54' title='bbox 429 1240 618 1323; x_wconf 85' lang='lat' dir='ltr'><strong>paeninsula.</strong></span> <span class='ocrx_word' id='word_1_55' title='bbox 642 1239 663 1308; x_wconf 93' lang='lat'>†</span> 
     </span>
    </p>

    <p class='ocr_par' dir='ltr' id='par_1_4' title="bbox 144 1345 1329 1684">
     <span class='ocr_line' id='line_1_8' title="bbox 254 1345 1329 1440; baseline -0.009 -20"><span class='ocrx_word' id='word_1_56' title='bbox 254 1355 302 1420; x_wconf 84' lang='lat' dir='ltr'><strong>lb.</strong></span> <span class='ocrx_word' id='word_1_57' title='bbox 325 1357 342 1440; x_wconf 64' lang='lat' dir='ltr'><strong>d</strong></span> <span class='ocrx_word' id='word_1_58' title='bbox 366 1356 397 1419; x_wconf 87' lang='lat'><strong>3.</strong></span> <span class='ocrx_word' id='word_1_59' title='bbox 433 1362 487 1422; x_wconf 83' lang='grc' dir='ltr'><strong>καὶ</strong></span> <span class='ocrx_word' id='word_1_60' title='bbox 514 1360 665 1439; x_wconf 70' lang='grc' dir='ltr'><strong><em>φρούριον</em></strong></span> <span class='ocrx_word' id='word_1_61' title='bbox 692 1357 1075 1440; x_wconf 86' lang='grc' dir='ltr'><strong><em>καταστησάμενοι.’</em></strong></span> <span class='ocrx_word' id='word_1_62' title='bbox 1117 1347 1218 1411; x_wconf 84' lang='lat' dir='ltr'><strong>Scribe</strong></span> <span class='ocrx_word' id='word_1_63' title='bbox 1246 1345 1329 1432; x_wconf 66' lang='lat' dir='ltr'><strong>(ty)-</strong></span> 
     </span>
     <span class='ocr_line' id='line_1_9' title="bbox 209 1461 1329 1556; baseline -0.011 -20"><span class='ocrx_word' id='word_1_64' title='bbox 209 1479 592 1556; x_wconf 72' lang='grc' dir='ltr'><strong><em>καταστησάμενοι.</em></strong></span> <span class='ocrx_word' id='word_1_65' title='bbox 616 1467 661 1531; x_wconf 85' lang='lat' dir='ltr'><strong>Cl.</strong></span> <span class='ocrx_word' id='word_1_66' title='bbox 688 1467 704 1531; x_wconf 95' lang='lat' dir='ltr'>I</span> <span class='ocrx_word' id='word_1_67' title='bbox 727 1470 748 1531; x_wconf 99' lang='lat'>4</span> <span class='ocrx_word' id='word_1_68' title='bbox 772 1473 928 1552; x_wconf 87' lang='grc' dir='ltr'><strong><em>ήγεμόνας</em></strong></span> <span class='ocrx_word' id='word_1_69' title='bbox 951 1470 1212 1548; x_wconf 80' lang='grc' dir='ltr'><strong><em>ἐγκαταστήσας,</em></strong></span> <span class='ocrx_word' id='word_1_70' title='bbox 1233 1461 1329 1544; x_wconf 64' lang='lat' dir='ltr'><strong>lito</strong></span> 
     </span>
     <span class='ocr_line' id='line_1_10' title="bbox 144 1569 1329 1684; baseline -0.01 -33"><span class='ocrx_word' id='word_1_71' title='bbox 144 1673 150 1684; x_wconf 21' lang='grc' dir='ltr'>ι</span> <span class='ocrx_word' id='word_1_72' title='bbox 210 1587 230 1650; x_wconf 82' lang='lat' dir='ltr'><strong>a</strong></span> <span class='ocrx_word' id='word_1_73' title='bbox 260 1569 404 1670; x_wconf 68' lang='grc' dir='ltr'><strong>’φρουρὰν</strong></span> <span class='ocrx_word' id='word_1_74' title='bbox 441 1585 722 1665; x_wconf 53' lang='lat' dir='ltr'><strong>arsamosata.</strong></span> <span class='ocrx_word' id='word_1_75' title='bbox 765 1580 852 1644; x_wconf 75' lang='grc' dir='ltr'><strong><em>ιοοι</em></strong></span> <span class='ocrx_word' id='word_1_76' title='bbox 875 1579 910 1643; x_wconf 87' lang='lat' dir='ltr'><strong>n</strong></span> <span class='ocrx_word' id='word_1_77' title='bbox 935 1581 953 1644; x_wconf 85' lang='lat' dir='ltr'><strong>a</strong></span> <span class='ocrx_word' id='word_1_78' title='bbox 978 1581 991 1661; x_wconf 64' lang='lat' dir='ltr'><strong>a</strong></span> <span class='ocrx_word' id='word_1_79' title='bbox 1017 1580 1050 1654; x_wconf 81' lang='lat' dir='ltr'><strong>a,</strong></span> <span class='ocrx_word' id='word_1_80' title='bbox 1076 1579 1117 1642; x_wconf 76' lang='lat' dir='ltr'><strong>ra</strong></span> <span class='ocrx_word' id='word_1_81' title='bbox 1143 1579 1156 1658; x_wconf 68' lang='grc' dir='ltr'><strong><em>ς</em></strong></span> <span class='ocrx_word' id='word_1_82' title='bbox 1181 1577 1218 1652; x_wconf 84' lang='lat'><strong>3,</strong></span> <span class='ocrx_word' id='word_1_83' title='bbox 1245 1576 1329 1653; x_wconf 80' lang='grc' dir='ltr'><strong><em>ιον,</em></strong></span> 
     </span>
    </p>

    <p class='ocr_par' dir='ltr' id='par_1_5' title="bbox 153 1691 1384 2698">
     <span class='ocr_line' id='line_1_11' title="bbox 209 1691 1329 1778; baseline -0.006 -16"><span class='ocrx_word' id='word_1_84' title='bbox 209 1704 283 1763; x_wconf 85' lang='lat' dir='ltr'><strong>extr.</strong></span> <span class='ocrx_word' id='word_1_85' title='bbox 315 1697 369 1760; x_wconf 88' lang='lat' dir='ltr'><strong>HI</strong></span> <span class='ocrx_word' id='word_1_86' title='bbox 401 1699 437 1775; x_wconf 85' lang='lat'><strong>1,</strong></span> <span class='ocrx_word' id='word_1_87' title='bbox 472 1697 513 1761; x_wconf 85' lang='lat'><strong>51</strong></span> <span class='ocrx_word' id='word_1_88' title='bbox 538 1703 598 1761; x_wconf 81' lang='lat' dir='ltr'><strong>ext.</strong></span> <span class='ocrx_word' id='word_1_89' title='bbox 621 1695 667 1758; x_wconf 86' lang='lat' dir='ltr'><strong>IV</strong></span> <span class='ocrx_word' id='word_1_90' title='bbox 691 1701 709 1760; x_wconf 99' lang='grc'>2</span> <span class='ocrx_word' id='word_1_91' title='bbox 736 1699 752 1778; x_wconf 65' lang='lat' dir='ltr'><strong>p</strong></span> <span class='ocrx_word' id='word_1_92' title='bbox 778 1698 795 1760; x_wconf 89' lang='lat'>1</span> <span class='ocrx_word' id='word_1_93' title='bbox 821 1701 893 1760; x_wconf 88' lang='lat' dir='ltr'><strong>cett.</strong></span> <span class='ocrx_word' id='word_1_94' title='bbox 917 1693 1027 1778; x_wconf 88' lang='lat' dir='ltr'><strong>Itaque</strong></span> <span class='ocrx_word' id='word_1_95' title='bbox 1050 1692 1066 1756; x_wconf 93' lang='grc' dir='ltr'>Ι</span> <span class='ocrx_word' id='word_1_96' title='bbox 1091 1693 1155 1757; x_wconf 83' lang='grc'><strong>113</strong></span> <span class='ocrx_word' id='word_1_97' title='bbox 1178 1693 1230 1775; x_wconf 68' lang='lat'><strong>§1</strong></span> <span class='ocrx_word' id='word_1_98' title='bbox 1256 1691 1329 1755; x_wconf 74' lang='lat' dir='ltr'><strong>rcri-</strong></span> 
     </span>
     <span class='ocr_line' id='line_1_12' title="bbox 209 1807 1331 1896; baseline -0.004 -19"><span class='ocrx_word' id='word_1_99' title='bbox 209 1812 279 1877; x_wconf 85' lang='lat' dir='ltr'><strong>bam</strong></span> <span class='ocrx_word' id='word_1_100' title='bbox 303 1813 452 1896; x_wconf 75' lang='grc' dir='ltr'><strong><em>φνλακήν</em></strong></span> <span class='ocrx_word' id='word_1_101' title='bbox 479 1811 802 1896; x_wconf 78' lang='grc' dir='ltr'><strong><em>(ἐγ)καταστήσαντες</em></strong></span> <span class='ocrx_word' id='word_1_102' title='bbox 825 1816 856 1873; x_wconf 88' lang='lat' dir='ltr'><strong>et</strong></span> <span class='ocrx_word' id='word_1_103' title='bbox 881 1811 943 1874; x_wconf 84' lang='grc'><strong>132</strong></span> <span class='ocrx_word' id='word_1_104' title='bbox 962 1811 978 1891; x_wconf 63' lang='lat' dir='ltr'><strong>d</strong></span> <span class='ocrx_word' id='word_1_105' title='bbox 998 1809 1018 1873; x_wconf 84' lang='lat'><strong>3</strong></span> <span class='ocrx_word' id='word_1_106' title='bbox 1034 1810 1069 1877; x_wconf 76' lang='grc' dir='ltr'><strong>οὐ</strong></span> <span class='ocrx_word' id='word_1_107' title='bbox 1086 1813 1147 1896; x_wconf 91' lang='grc' dir='ltr'><strong>γάρ</strong></span> <span class='ocrx_word' id='word_1_108' title='bbox 1164 1811 1237 1890; x_wconf 75' lang='grc' dir='ltr'><strong><em>ἐξῆν</em></strong></span> <span class='ocrx_word' id='word_1_109' title='bbox 1253 1807 1331 1891; x_wconf 66' lang='lat' dir='ltr'><strong>(dr)-</strong></span> 
     </span>
     <span class='ocr_line' id='line_1_13' title="bbox 210 1921 1327 2009; baseline -0.007 -17"><span class='ocrx_word' id='word_1_110' title='bbox 210 1935 364 1994; x_wconf 80' lang='grc' dir='ltr'><strong><em>θάπτειν.</em></strong></span> <span class='ocrx_word' id='word_1_111' title='bbox 391 1923 580 2008; x_wconf 80' lang='lat' dir='ltr'><strong>Utrobique,</strong></span> <span class='ocrx_word' id='word_1_112' title='bbox 606 1930 641 1986; x_wconf 93' lang='lat' dir='ltr'><strong>ut</strong></span> <span class='ocrx_word' id='word_1_113' title='bbox 665 1930 694 1986; x_wconf 90' lang='lat' dir='ltr'><strong>et</strong></span> <span class='ocrx_word' id='word_1_114' title='bbox 716 1923 785 1988; x_wconf 86' lang='lat' dir='ltr'><strong>loco</strong></span> <span class='ocrx_word' id='word_1_115' title='bbox 808 1946 896 2009; x_wconf 88' lang='lat' dir='ltr'><strong>quem</strong></span> <span class='ocrx_word' id='word_1_116' title='bbox 920 1945 1003 1988; x_wconf 87' lang='lat' dir='ltr'><strong>nunc</strong></span> <span class='ocrx_word' id='word_1_117' title='bbox 1026 1929 1206 2000; x_wconf 87' lang='lat' dir='ltr'><strong>tractamus,</strong></span> <span class='ocrx_word' id='word_1_118' title='bbox 1232 1921 1327 1985; x_wconf 87' lang='lat' dir='ltr'><strong>cauda</strong></span> 
     </span>
     <span class='ocr_line' id='line_1_14' title="bbox 210 2035 1327 2124; baseline -0.001 -22"><span class='ocrx_word' id='word_1_119' title='bbox 210 2038 349 2104; x_wconf 84' lang='lat' dir='ltr'><strong>vocabuli</strong></span> <span class='ocrx_word' id='word_1_120' title='bbox 373 2037 539 2123; x_wconf 83' lang='lat' dir='ltr'><strong>praegressi</strong></span> <span class='ocrx_word' id='word_1_121' title='bbox 563 2038 819 2124; x_wconf 83' lang='lat' dir='ltr'><strong>praepositionem</strong></span> <span class='ocrx_word' id='word_1_122' title='bbox 842 2037 1012 2123; x_wconf 88' lang='lat' dir='ltr'><strong>absorpsit,</strong></span> <span class='ocrx_word' id='word_1_123' title='bbox 1036 2037 1127 2122; x_wconf 87' lang='lat' dir='ltr'><strong>idque</strong></span> <span class='ocrx_word' id='word_1_124' title='bbox 1151 2060 1185 2100; x_wconf 93' lang='lat' dir='ltr'><strong>eo</strong></span> <span class='ocrx_word' id='word_1_125' title='bbox 1209 2035 1327 2101; x_wconf 80' lang='lat' dir='ltr'><strong>facilius</strong></span> 
     </span>
     <span class='ocr_line' id='line_1_15' title="bbox 209 2145 1329 2238; baseline -0.001 -20"><span class='ocrx_word' id='word_1_126' title='bbox 209 2155 291 2238; x_wconf 89' lang='lat' dir='ltr'><strong>quod</strong></span> <span class='ocrx_word' id='word_1_127' title='bbox 321 2154 353 2218; x_wconf 93' lang='lat' dir='ltr'><strong>in</strong></span> <span class='ocrx_word' id='word_1_128' title='bbox 385 2145 471 2217; x_wconf 89' lang='lat' dir='ltr'><strong>libris</strong></span> <span class='ocrx_word' id='word_1_129' title='bbox 505 2153 727 2238; x_wconf 84' lang='lat' dir='ltr'><strong>antiquissimis</strong></span> <span class='ocrx_word' id='word_1_130' title='bbox 758 2152 875 2217; x_wconf 87' lang='lat' dir='ltr'><strong>scribae</strong></span> <span class='ocrx_word' id='word_1_131' title='bbox 911 2175 1030 2217; x_wconf 83' lang='lat' dir='ltr'><strong>exarare</strong></span> <span class='ocrx_word' id='word_1_132' title='bbox 1061 2150 1160 2215; x_wconf 87' lang='lat' dir='ltr'><strong>solent</strong></span> <span class='ocrx_word' id='word_1_133' title='bbox 1193 2157 1329 2220; x_wconf 80' lang='grc' dir='ltr'><strong><em>ἐνκατα·</em></strong></span> 
     </span>
     <span class='ocr_line' id='line_1_16' title="bbox 210 2265 1329 2356; baseline -0.004 -18"><span class='ocrx_word' id='word_1_134' title='bbox 210 2279 394 2353; x_wconf 77' lang='grc' dir='ltr'><strong><em>στήσαντες.</em></strong></span> <span class='ocrx_word' id='word_1_135' title='bbox 421 2267 567 2332; x_wconf 84' lang='lat' dir='ltr'><strong>Similiter</strong></span> <span class='ocrx_word' id='word_1_136' title='bbox 582 2267 599 2330; x_wconf 94' lang='lat' dir='ltr'>I</span> <span class='ocrx_word' id='word_1_137' title='bbox 616 2271 679 2333; x_wconf 90' lang='grc'><strong>142</strong></span> <span class='ocrx_word' id='word_1_138' title='bbox 700 2271 715 2352; x_wconf 83' lang='lat'>§</span> <span class='ocrx_word' id='word_1_139' title='bbox 732 2271 751 2333; x_wconf 90' lang='grc'>2</span> <span class='ocrx_word' id='word_1_140' title='bbox 771 2268 892 2332; x_wconf 88' lang='lat' dir='ltr'><strong>malim:</strong></span> <span class='ocrx_word' id='word_1_141' title='bbox 914 2274 1066 2356; x_wconf 71' lang='grc' dir='ltr'><strong><em>φρούριον</em></strong></span> <span class='ocrx_word' id='word_1_142' title='bbox 1085 2267 1113 2335; x_wconf 85' lang='lat' dir='ltr'><strong>d’</strong></span> <span class='ocrx_word' id='word_1_143' title='bbox 1131 2273 1157 2334; x_wconf 81' lang='grc' dir='ltr'><strong><em>εἰ</em></strong></span> <span class='ocrx_word' id='word_1_144' title='bbox 1174 2265 1329 2352; x_wconf 81' lang='grc' dir='ltr'><strong><em>(ἐμ)ποιή-</em></strong></span> 
     </span>
     <span class='ocr_line' id='line_1_17' title="bbox 211 2383 1330 2470; baseline -0.006 -14"><span class='ocrx_word' id='word_1_145' title='bbox 211 2415 342 2464; x_wconf 89' lang='grc' dir='ltr'><strong><em>σονται,</em></strong></span> <span class='ocrx_word' id='word_1_146' title='bbox 372 2383 408 2448; x_wconf 91' lang='grc' dir='ltr'>Π</span> <span class='ocrx_word' id='word_1_147' title='bbox 436 2387 477 2450; x_wconf 84' lang='grc'><strong>19</strong></span> <span class='ocrx_word' id='word_1_148' title='bbox 499 2387 515 2468; x_wconf 64' lang='lat' dir='ltr'><strong>d</strong></span> <span class='ocrx_word' id='word_1_149' title='bbox 541 2388 559 2449; x_wconf 86' lang='grc'>2</span> <span class='ocrx_word' id='word_1_150' title='bbox 585 2392 616 2447; x_wconf 88' lang='lat' dir='ltr'><strong>et</strong></span> <span class='ocrx_word' id='word_1_151' title='bbox 640 2384 678 2449; x_wconf 88' lang='grc'><strong>47</strong></span> <span class='ocrx_word' id='word_1_152' title='bbox 705 2386 723 2468; x_wconf 61' lang='grc' dir='ltr'>ᾧ</span> <span class='ocrx_word' id='word_1_153' title='bbox 748 2388 782 2449; x_wconf 77' lang='lat'><strong>2:</strong></span> <span class='ocrx_word' id='word_1_154' title='bbox 811 2389 866 2451; x_wconf 75' lang='lat' dir='ltr'><strong>nul</strong></span> <span class='ocrx_word' id='word_1_155' title='bbox 891 2387 1172 2470; x_wconf 65' lang='grc' dir='ltr'><strong><em>(ἐγήκαθεζάμενοι</em></strong></span> <span class='ocrx_word' id='word_1_156' title='bbox 1197 2385 1330 2466; x_wconf 76' lang='grc' dir='ltr'><strong><em>ἔτεμνον</em></strong></span> 
     </span>
     <span class='ocr_line' id='line_1_18' title="bbox 212 2493 1384 2585; baseline -0.013 -14"><span class='ocrx_word' id='word_1_157' title='bbox 212 2511 293 2580; x_wconf 59' lang='lat' dir='ltr'><strong>nrt,</strong></span> <span class='ocrx_word' id='word_1_158' title='bbox 322 2499 440 2565; x_wconf 86' lang='lat' dir='ltr'><strong>collatis</strong></span> <span class='ocrx_word' id='word_1_159' title='bbox 464 2499 538 2564; x_wconf 90' lang='lat' dir='ltr'><strong>locis</strong></span> <span class='ocrx_word' id='word_1_160' title='bbox 561 2499 716 2585; x_wconf 86' lang='lat' dir='ltr'><strong>parallelis</strong></span> <span class='ocrx_word' id='word_1_161' title='bbox 740 2498 834 2564; x_wconf 87' lang='lat'><strong>1111</strong></span> <span class='ocrx_word' id='word_1_162' title='bbox 858 2505 889 2562; x_wconf 89' lang='lat' dir='ltr'><strong>et</strong></span> <span class='ocrx_word' id='word_1_163' title='bbox 914 2497 958 2561; x_wconf 72' lang='lat' dir='ltr'><strong>ll*</strong></span> <span class='ocrx_word' id='word_1_164' title='bbox 984 2502 1002 2563; x_wconf 94' lang='grc'>2</span> <span class='ocrx_word' id='word_1_165' title='bbox 1028 2499 1044 2580; x_wconf 65' lang='lat' dir='ltr'><strong>p</strong></span> <span class='ocrx_word' id='word_1_166' title='bbox 1070 2500 1098 2562; x_wconf 92' lang='lat'><strong>1.</strong></span> <span class='ocrx_word' id='word_1_167' title='bbox 1117 2495 1173 2559; x_wconf 90' lang='lat' dir='ltr'><strong>Vel</strong></span> <span class='ocrx_word' id='word_1_168' title='bbox 1196 2517 1214 2557; x_wconf 91' lang='lat' dir='ltr'><strong>a</strong></span> <span class='ocrx_word' id='word_1_169' title='bbox 1236 2493 1332 2578; x_wconf 91' lang='lat' dir='ltr'><strong>sequi·</strong></span> <span class='ocrx_word' id='word_1_170' title='bbox 1381 2563 1384 2568; x_wconf 15' lang='grc' dir='ltr'><strong>Δ</strong></span> 
     </span>
     <span class='ocr_line' id='line_1_19' title="bbox 153 2609 880 2698; baseline -0.003 -20"><span class='ocrx_word' id='word_1_171' title='bbox 153 2609 155 2611; x_wconf 59' lang='grc'><strong>’</strong></span> <span class='ocrx_word' id='word_1_172' title='bbox 211 2615 314 2680; x_wconf 85' lang='lat' dir='ltr'><strong>oribus</strong></span> <span class='ocrx_word' id='word_1_173' title='bbox 341 2613 504 2698; x_wconf 83' lang='lat' dir='ltr'><strong>diligenter</strong></span> <span class='ocrx_word' id='word_1_174' title='bbox 528 2613 577 2680; x_wconf 89' lang='lat' dir='ltr'><strong>hic</strong></span> <span class='ocrx_word' id='word_1_175' title='bbox 600 2636 671 2678; x_wconf 92' lang='lat' dir='ltr'><strong>usus</strong></span> <span class='ocrx_word' id='word_1_176' title='bbox 695 2612 880 2678; x_wconf 85' lang='lat' dir='ltr'><strong>observatur.</strong></span> 
     </span>
    </p>

    <p class='ocr_par' dir='ltr' id='par_1_6' title="bbox 210 2721 1331 4186">
     <span class='ocr_line' id='line_1_20' title="bbox 255 2721 1331 2816; baseline -0.013 -19"><span class='ocrx_word' id='word_1_177' title='bbox 255 2730 274 2797; x_wconf 90' lang='lat'>†</span> <span class='ocrx_word' id='word_1_178' title='bbox 298 2727 371 2814; x_wconf 81' lang='lat' dir='ltr'><strong>(lap.</strong></span> <span class='ocrx_word' id='word_1_179' title='bbox 398 2731 440 2794; x_wconf 91' lang='grc'><strong>46</strong></span> <span class='ocrx_word' id='word_1_180' title='bbox 466 2731 479 2812; x_wconf 58' lang='grc' dir='ltr'>ᾗ</span> <span class='ocrx_word' id='word_1_181' title='bbox 504 2731 533 2794; x_wconf 92' lang='grc'><strong>1.</strong></span> <span class='ocrx_word' id='word_1_182' title='bbox 560 2737 594 2814; x_wconf 78' lang='grc' dir='ltr'><strong>ἐν</strong></span> <span class='ocrx_word' id='word_1_183' title='bbox 616 2739 661 2816; x_wconf 75' lang='grc' dir='ltr'><strong>τῷ</strong></span> <span class='ocrx_word' id='word_1_184' title='bbox 681 2736 745 2816; x_wconf 82' lang='grc' dir='ltr'><strong><em>ὄρει</em></strong></span> <span class='ocrx_word' id='word_1_185' title='bbox 773 2729 842 2814; x_wconf 79' lang='grc' dir='ltr'><strong><em>[τῆς</em></strong></span> <span class='ocrx_word' id='word_1_186' title='bbox 867 2727 1047 2813; x_wconf 55' lang='lat' dir='ltr'><strong>’lorcam</strong></span> <span class='ocrx_word' id='word_1_187' title='bbox 1085 2723 1210 2807; x_wconf 76' lang='lat' dir='ltr'><strong>Corrige</strong></span> <span class='ocrx_word' id='word_1_188' title='bbox 1234 2721 1331 2785; x_wconf 86' lang='lat' dir='ltr'><strong>soloe·</strong></span> 
     </span>
     <span class='ocr_line' id='line_1_21' title="bbox 210 2839 1329 2930; baseline -0.006 -22"><span class='ocrx_word' id='word_1_189' title='bbox 210 2845 336 2908; x_wconf 90' lang='lat' dir='ltr'><strong>cismum</strong></span> <span class='ocrx_word' id='word_1_190' title='bbox 360 2843 562 2929; x_wconf 83' lang='lat' dir='ltr'><strong>expungendo</strong></span> <span class='ocrx_word' id='word_1_191' title='bbox 585 2843 710 2908; x_wconf 90' lang='lat' dir='ltr'><strong>nomine</strong></span> <span class='ocrx_word' id='word_1_192' title='bbox 733 2843 871 2930; x_wconf 90' lang='lat' dir='ltr'><strong>proprio,</strong></span> <span class='ocrx_word' id='word_1_193' title='bbox 896 2841 977 2927; x_wconf 92' lang='lat' dir='ltr'><strong>quod</strong></span> <span class='ocrx_word' id='word_1_194' title='bbox 998 2840 1070 2904; x_wconf 86' lang='lat' dir='ltr'><strong>satis</strong></span> <span class='ocrx_word' id='word_1_195' title='bbox 1086 2839 1147 2904; x_wconf 82' lang='lat' dir='ltr'><strong>fuit</strong></span> <span class='ocrx_word' id='word_1_196' title='bbox 1163 2859 1329 2903; x_wconf 91' lang='lat' dir='ltr'><strong>memorare</strong></span> 
     </span>
     <span class='ocr_line' id='line_1_22' title="bbox 210 2953 1330 3042; baseline -0.005 -20"><span class='ocrx_word' id='word_1_197' title='bbox 210 2958 264 3023; x_wconf 92' lang='grc' dir='ltr'><strong>ΙΙΙ</strong></span> <span class='ocrx_word' id='word_1_198' title='bbox 288 2960 329 3026; x_wconf 89' lang='grc'><strong>85</strong></span> <span class='ocrx_word' id='word_1_199' title='bbox 353 2965 428 3024; x_wconf 81' lang='lat' dir='ltr'><strong>extr.</strong></span> <span class='ocrx_word' id='word_1_200' title='bbox 454 2956 500 3023; x_wconf 80' lang='lat' dir='ltr'><strong>Of.</strong></span> <span class='ocrx_word' id='word_1_201' title='bbox 524 2958 569 3022; x_wconf 88' lang='lat' dir='ltr'><strong>IV</strong></span> <span class='ocrx_word' id='word_1_202' title='bbox 596 2962 614 3023; x_wconf 92' lang='grc'>2</span> <span class='ocrx_word' id='word_1_203' title='bbox 639 2959 717 3024; x_wconf 88' lang='lat' dir='ltr'><strong>med.</strong></span> <span class='ocrx_word' id='word_1_204' title='bbox 742 2965 773 3022; x_wconf 87' lang='lat' dir='ltr'><strong>et</strong></span> <span class='ocrx_word' id='word_1_205' title='bbox 795 2962 838 3026; x_wconf 87' lang='grc'><strong>48</strong></span> <span class='ocrx_word' id='word_1_206' title='bbox 863 2961 880 3042; x_wconf 63' lang='lat' dir='ltr'><strong>t</strong></span> <span class='ocrx_word' id='word_1_207' title='bbox 901 2961 932 3022; x_wconf 90' lang='grc'><strong>4.</strong></span> <span class='ocrx_word' id='word_1_208' title='bbox 958 2966 978 3033; x_wconf 90' lang='lat'>†</span> <span class='ocrx_word' id='word_1_209' title='bbox 1002 2955 1049 3020; x_wconf 93' lang='lat' dir='ltr'><strong>Ib.</strong></span> <span class='ocrx_word' id='word_1_210' title='bbox 1072 2957 1086 3038; x_wconf 65' lang='lat' dir='ltr'><strong>t</strong></span> <span class='ocrx_word' id='word_1_211' title='bbox 1112 2959 1130 3020; x_wconf 96' lang='grc'>2</span> <span class='ocrx_word' id='word_1_212' title='bbox 1157 2953 1268 3018; x_wconf 90' lang='lat' dir='ltr'><strong>mirum</strong></span> <span class='ocrx_word' id='word_1_213' title='bbox 1284 2959 1330 3017; x_wconf 88' lang='lat' dir='ltr'><strong>ast</strong></span> 
     </span>
     <span class='ocr_line' id='line_1_23' title="bbox 210 3070 1330 3159; baseline -0.004 -20"><span class='ocrx_word' id='word_1_214' title='bbox 210 3073 379 3151; x_wconf 90' lang='lat' dir='ltr'><strong>nemiuem,</strong></span> <span class='ocrx_word' id='word_1_215' title='bbox 413 3073 495 3157; x_wconf 91' lang='lat' dir='ltr'><strong>quod</strong></span> <span class='ocrx_word' id='word_1_216' title='bbox 528 3073 636 3152; x_wconf 86' lang='lat' dir='ltr'><strong>sciam,</strong></span> <span class='ocrx_word' id='word_1_217' title='bbox 661 3080 798 3159; x_wconf 85' lang='lat' dir='ltr'><strong>suspecta</strong></span> <span class='ocrx_word' id='word_1_218' title='bbox 820 3073 964 3138; x_wconf 86' lang='lat' dir='ltr'><strong>habuisse</strong></span> <span class='ocrx_word' id='word_1_219' title='bbox 988 3070 1076 3135; x_wconf 84' lang='lat' dir='ltr'><strong>uerba</strong></span> <span class='ocrx_word' id='word_1_220' title='bbox 1101 3075 1181 3138; x_wconf 85' lang='grc' dir='ltr'><strong><em>ὣστε</em></strong></span> <span class='ocrx_word' id='word_1_221' title='bbox 1206 3107 1247 3118; x_wconf 80' lang='lat'><strong>—-</strong></span> <span class='ocrx_word' id='word_1_222' title='bbox 1272 3075 1330 3146; x_wconf 85' lang='grc' dir='ltr'><strong>τὰς</strong></span> 
     </span>
     <span class='ocr_line' id='line_1_24' title="bbox 210 3183 1330 3274; baseline -0.009 -17"><span class='ocrx_word' id='word_1_223' title='bbox 210 3192 365 3269; x_wconf 76' lang='grc' dir='ltr'><strong><em>σπονδάς,</em></strong></span> <span class='ocrx_word' id='word_1_224' title='bbox 394 3188 507 3273; x_wconf 87' lang='lat' dir='ltr'><strong>quippe</strong></span> <span class='ocrx_word' id='word_1_225' title='bbox 531 3211 607 3274; x_wconf 84' lang='lat' dir='ltr'><strong>quae</strong></span> <span class='ocrx_word' id='word_1_226' title='bbox 630 3188 661 3252; x_wconf 92' lang='lat' dir='ltr'><strong>in</strong></span> <span class='ocrx_word' id='word_1_227' title='bbox 686 3188 808 3273; x_wconf 90' lang='lat' dir='ltr'><strong>optimis</strong></span> <span class='ocrx_word' id='word_1_228' title='bbox 825 3186 1005 3274; x_wconf 89' lang='lat' dir='ltr'><strong>quibusdam</strong></span> <span class='ocrx_word' id='word_1_229' title='bbox 1022 3184 1127 3262; x_wconf 82' lang='lat' dir='ltr'><strong>codd,</strong></span> <span class='ocrx_word' id='word_1_230' title='bbox 1148 3184 1234 3248; x_wconf 85' lang='lat' dir='ltr'><strong>velut</strong></span> <span class='ocrx_word' id='word_1_231' title='bbox 1250 3183 1330 3248; x_wconf 93' lang='lat' dir='ltr'><strong>Italo</strong></span> 
     </span>
     <span class='ocr_line' id='line_1_25' title="bbox 210 3297 1329 3382; baseline -0.005 -16"><span class='ocrx_word' id='word_1_232' title='bbox 210 3310 242 3367; x_wconf 89' lang='lat' dir='ltr'><strong>et</strong></span> <span class='ocrx_word' id='word_1_233' title='bbox 265 3303 432 3382; x_wconf 85' lang='lat' dir='ltr'><strong>Vaticano,</strong></span> <span class='ocrx_word' id='word_1_234' title='bbox 460 3301 677 3368; x_wconf 85' lang='lat' dir='ltr'><strong>desiderentur.</strong></span> <span class='ocrx_word' id='word_1_235' title='bbox 715 3302 893 3366; x_wconf 77' lang='lat' dir='ltr'><strong>Rectissime</strong></span> <span class='ocrx_word' id='word_1_236' title='bbox 916 3302 995 3365; x_wconf 91' lang='lat' dir='ltr'><strong>enim</strong></span> <span class='ocrx_word' id='word_1_237' title='bbox 1019 3300 1146 3364; x_wconf 92' lang='lat' dir='ltr'><strong>desunt:</strong></span> <span class='ocrx_word' id='word_1_238' title='bbox 1173 3297 1244 3382; x_wconf 88' lang='lat' dir='ltr'><strong>quia</strong></span> <span class='ocrx_word' id='word_1_239' title='bbox 1268 3320 1329 3361; x_wconf 90' lang='lat' dir='ltr'><strong>non</strong></span> 
     </span>
     <span class='ocr_line' id='line_1_26' title="bbox 211 3411 1330 3502; baseline -0.005 -21"><span class='ocrx_word' id='word_1_240' title='bbox 211 3425 274 3481; x_wconf 86' lang='lat' dir='ltr'><strong>erat</strong></span> <span class='ocrx_word' id='word_1_241' title='bbox 298 3417 387 3492; x_wconf 89' lang='lat' dir='ltr'><strong>haec,</strong></span> <span class='ocrx_word' id='word_1_242' title='bbox 413 3422 445 3478; x_wconf 92' lang='lat' dir='ltr'><strong>nt</strong></span> <span class='ocrx_word' id='word_1_243' title='bbox 461 3415 611 3493; x_wconf 88' lang='lat' dir='ltr'><strong>arbitror,</strong></span> <span class='ocrx_word' id='word_1_244' title='bbox 642 3416 775 3480; x_wconf 88' lang='lat' dir='ltr'><strong>conditio</strong></span> <span class='ocrx_word' id='word_1_245' title='bbox 796 3415 941 3502; x_wconf 87' lang='lat' dir='ltr'><strong>quaedam</strong></span> <span class='ocrx_word' id='word_1_246' title='bbox 959 3415 1006 3480; x_wconf 94' lang='lat' dir='ltr'><strong>his</strong></span> <span class='ocrx_word' id='word_1_247' title='bbox 1022 3414 1154 3479; x_wconf 85' lang='lat' dir='ltr'><strong>indutiis</strong></span> <span class='ocrx_word' id='word_1_248' title='bbox 1169 3411 1330 3498; x_wconf 85' lang='lat' dir='ltr'><strong>peculiaris</strong></span> 
     </span>
     <span class='ocr_line' id='line_1_27' title="bbox 212 3529 1329 3616; baseline -0.003 -21"><span class='ocrx_word' id='word_1_249' title='bbox 212 3531 265 3596; x_wconf 88' lang='lat' dir='ltr'><strong>sed</strong></span> <span class='ocrx_word' id='word_1_250' title='bbox 300 3531 393 3596; x_wconf 88' lang='lat' dir='ltr'><strong>tacita</strong></span> <span class='ocrx_word' id='word_1_251' title='bbox 427 3537 458 3594; x_wconf 88' lang='lat' dir='ltr'><strong>et</strong></span> <span class='ocrx_word' id='word_1_252' title='bbox 489 3531 629 3596; x_wconf 91' lang='lat' dir='ltr'><strong>omnibus</strong></span> <span class='ocrx_word' id='word_1_253' title='bbox 664 3533 839 3596; x_wconf 87' lang='lat' dir='ltr'><strong>communis.</strong></span> <span class='ocrx_word' id='word_1_254' title='bbox 889 3531 1042 3598; x_wconf 85' lang='lat' dir='ltr'><strong>Scholium</strong></span> <span class='ocrx_word' id='word_1_255' title='bbox 1066 3538 1113 3595; x_wconf 91' lang='lat' dir='ltr'><strong>est</strong></span> <span class='ocrx_word' id='word_1_256' title='bbox 1136 3529 1268 3616; x_wconf 92' lang='lat' dir='ltr'><strong>petitum</strong></span> <span class='ocrx_word' id='word_1_257' title='bbox 1292 3547 1329 3594; x_wconf 87' lang='lat' dir='ltr'><strong>ex</strong></span> 
     </span>
     <span class='ocr_line' id='line_1_28' title="bbox 213 3644 1330 3732; baseline 0.004 -22"><span class='ocrx_word' id='word_1_258' title='bbox 213 3647 304 3712; x_wconf 90' lang='lat' dir='ltr'><strong>initio</strong></span> <span class='ocrx_word' id='word_1_259' title='bbox 328 3647 436 3730; x_wconf 84' lang='lat' dir='ltr'><strong>capitis</strong></span> <span class='ocrx_word' id='word_1_260' title='bbox 462 3647 629 3732; x_wconf 85' lang='lat' dir='ltr'><strong>sequentis:</strong></span> <span class='ocrx_word' id='word_1_261' title='bbox 656 3654 698 3724; x_wconf 78' lang='grc' dir='ltr'><strong>ὡς</strong></span> <span class='ocrx_word' id='word_1_262' title='bbox 726 3647 755 3714; x_wconf 78' lang='grc' dir='ltr'><strong>δ’</strong></span> <span class='ocrx_word' id='word_1_263' title='bbox 780 3651 954 3715; x_wconf 74' lang='grc' dir='ltr'><strong><em>ἔπεισαν</em></strong></span> <span class='ocrx_word' id='word_1_264' title='bbox 979 3645 1039 3730; x_wconf 78' lang='lat' dir='ltr'><strong>(ita</strong></span> <span class='ocrx_word' id='word_1_265' title='bbox 1061 3644 1128 3730; x_wconf 81' lang='lat' dir='ltr'><strong>lego</strong></span> <span class='ocrx_word' id='word_1_266' title='bbox 1151 3665 1205 3728; x_wconf 91' lang='lat' dir='ltr'><strong>pro</strong></span> <span class='ocrx_word' id='word_1_267' title='bbox 1226 3647 1330 3714; x_wconf 79' lang='grc' dir='ltr'><strong><em>ἐπεί-</em></strong></span> 
     </span>
     <span class='ocr_line' id='line_1_29' title="bbox 213 3759 1331 3851; baseline -0.004 -23"><span class='ocrx_word' id='word_1_268' title='bbox 213 3773 350 3849; x_wconf 80' lang='grc' dir='ltr'><strong><em>σθησα</em></strong></span> <span class='ocrx_word' id='word_1_269' title='bbox 362 3763 393 3846; x_wconf 90' lang='grc' dir='ltr'><strong>ν)</strong></span> <span class='ocrx_word' id='word_1_270' title='bbox 419 3767 473 3827; x_wconf 83' lang='grc' dir='ltr'><strong>καὶ</strong></span> <span class='ocrx_word' id='word_1_271' title='bbox 496 3763 775 3851; x_wconf 77' lang='grc' dir='ltr'><strong><em>μηχανησαμένων</em></strong></span> <span class='ocrx_word' id='word_1_272' title='bbox 800 3767 836 3827; x_wconf 87' lang='grc' dir='ltr'><strong>τὸ</strong></span> <span class='ocrx_word' id='word_1_273' title='bbox 852 3761 967 3828; x_wconf 82' lang='grc' dir='ltr'><strong><em>πλοῖον</em></strong></span> <span class='ocrx_word' id='word_1_274' title='bbox 985 3760 1174 3835; x_wconf 79' lang='grc' dir='ltr'><strong><em>ἐκπλέοντες</em></strong></span> <span class='ocrx_word' id='word_1_275' title='bbox 1191 3759 1331 3843; x_wconf 76' lang='grc' dir='ltr'><strong><em>ἐλήφθη·</em></strong></span> 
     </span>
     <span class='ocr_line' id='line_1_30' title="bbox 213 3878 1331 3961; baseline -0.004 -17"><span class='ocrx_word' id='word_1_276' title='bbox 213 3904 285 3957; x_wconf 89' lang='grc' dir='ltr'><strong><em>σαν,</em></strong></span> <span class='ocrx_word' id='word_1_277' title='bbox 314 3880 519 3946; x_wconf 78' lang='grc' dir='ltr'><strong><em>ἐλέλνντο</em></strong></span> <span class='ocrx_word' id='word_1_278' title='bbox 550 3885 594 3944; x_wconf 83' lang='grc' dir='ltr'><strong>αἱ</strong></span> <span class='ocrx_word' id='word_1_279' title='bbox 624 3881 828 3957; x_wconf 78' lang='grc' dir='ltr'><strong><em>σπονδαί,</em></strong></span> <span class='ocrx_word' id='word_1_280' title='bbox 854 3884 908 3943; x_wconf 83' lang='grc' dir='ltr'><strong>καὶ</strong></span> <span class='ocrx_word' id='word_1_281' title='bbox 935 3887 1002 3955; x_wconf 87' lang='grc' dir='ltr'><strong><em>τοῖς</em></strong></span> <span class='ocrx_word' id='word_1_282' title='bbox 1029 3878 1241 3961; x_wconf 78' lang='grc' dir='ltr'><strong><em>Κερκυραίοις</em></strong></span> <span class='ocrx_word' id='word_1_283' title='bbox 1264 3901 1331 3940; x_wconf 87' lang='grc' dir='ltr'><strong>πα·</strong></span> 
     </span>
     <span class='ocr_line' id='line_1_31' title="bbox 213 3991 1330 4078; baseline -0.004 -18"><span class='ocrx_word' id='word_1_284' title='bbox 213 3994 442 4078; x_wconf 64' lang='lat' dir='ltr'><strong>petitorio</strong></span> <span class='ocrx_word' id='word_1_285' title='bbox 462 3992 518 4075; x_wconf 87' lang='lat' dir='ltr'><strong>(ita</strong></span> <span class='ocrx_word' id='word_1_286' title='bbox 535 3992 648 4056; x_wconf 85' lang='lat' dir='ltr'><strong>rectius</strong></span> <span class='ocrx_word' id='word_1_287' title='bbox 664 3991 734 4056; x_wconf 89' lang='lat' dir='ltr'><strong>libri</strong></span> <span class='ocrx_word' id='word_1_288' title='bbox 747 3991 910 4056; x_wconf 88' lang='lat' dir='ltr'><strong>deteriores</strong></span> <span class='ocrx_word' id='word_1_289' title='bbox 924 4013 1014 4074; x_wconf 89' lang='lat' dir='ltr'><strong>quam</strong></span> <span class='ocrx_word' id='word_1_290' title='bbox 1031 4019 1110 4076; x_wconf 87' lang='grc' dir='ltr'><strong>παρ</strong></span> <span class='ocrx_word' id='word_1_291' title='bbox 1121 4017 1133 4055; x_wconf 91' lang='grc' dir='ltr'><strong><em>ε</em></strong></span> <span class='ocrx_word' id='word_1_292' title='bbox 1144 3991 1162 4056; x_wconf 78' lang='lat' dir='ltr'><strong>d</strong></span> <span class='ocrx_word' id='word_1_293' title='bbox 1171 3995 1185 4057; x_wconf 87' lang='grc' dir='ltr'><strong><em>ε’</em></strong></span> <span class='ocrx_word' id='word_1_294' title='bbox 1197 3991 1330 4075; x_wconf 73' lang='lat' dir='ltr'><strong>dovre)</strong></span> 
     </span>
     <span class='ocr_line' id='line_1_32' title="bbox 214 4111 399 4186; baseline -0.011 -11"><span class='ocrx_word' id='word_1_295' title='bbox 214 4111 245 4175; x_wconf 77' lang='grc' dir='ltr'><strong>οἵ</strong></span> <span class='ocrx_word' id='word_1_296' title='bbox 269 4118 399 4186; x_wconf 89' lang='grc' dir='ltr'><strong><em>πάντες.</em></strong></span> 
     </span>
    </p>

    <p class='ocr_par' dir='ltr' id='par_1_7' title="bbox 172 4220 1333 4655">
     <span class='ocr_line' id='line_1_33' title="bbox 257 4220 1331 4306; baseline 0.001 -22"><span class='ocrx_word' id='word_1_297' title='bbox 257 4220 328 4306; x_wconf 87' lang='lat' dir='ltr'><strong>Oap.</strong></span> <span class='ocrx_word' id='word_1_298' title='bbox 352 4223 394 4287; x_wconf 90' lang='grc'><strong>48</strong></span> <span class='ocrx_word' id='word_1_299' title='bbox 420 4223 436 4304; x_wconf 60' lang='grc' dir='ltr'>ᾧ</span> <span class='ocrx_word' id='word_1_300' title='bbox 463 4225 480 4286; x_wconf 92' lang='grc'><strong>1</strong></span> <span class='ocrx_word' id='word_1_301' title='bbox 506 4221 634 4286; x_wconf 86' lang='lat' dir='ltr'><strong>absurde</strong></span> <span class='ocrx_word' id='word_1_302' title='bbox 658 4222 784 4306; x_wconf 87' lang='lat' dir='ltr'><strong>legitur:</strong></span> <span class='ocrx_word' id='word_1_303' title='bbox 820 4229 862 4298; x_wconf 80' lang='grc' dir='ltr'><strong>ὡς</strong></span> <span class='ocrx_word' id='word_1_304' title='bbox 888 4221 916 4286; x_wconf 75' lang='grc' dir='ltr'><strong>δ’</strong></span> <span class='ocrx_word' id='word_1_305' title='bbox 941 4227 1083 4306; x_wconf 78' lang='grc' dir='ltr'><strong><em>ᾔσθοντο</em></strong></span> <span class='ocrx_word' id='word_1_306' title='bbox 1106 4222 1177 4284; x_wconf 84' lang='grc' dir='ltr'><strong>καί</strong></span> <span class='ocrx_word' id='word_1_307' title='bbox 1200 4245 1249 4294; x_wconf 84' lang='grc' dir='ltr'><strong>τις</strong></span> <span class='ocrx_word' id='word_1_308' title='bbox 1277 4222 1331 4285; x_wconf 78' lang='lat' dir='ltr'><strong>url-</strong></span> 
     </span>
     <span class='ocr_line' id='line_1_34' title="bbox 215 4332 1331 4425; baseline -0.008 -21"><span class='ocrx_word' id='word_1_309' title='bbox 215 4347 280 4415; x_wconf 88' lang='grc' dir='ltr'><strong><em>τοῐς</em></strong></span> <span class='ocrx_word' id='word_1_310' title='bbox 305 4337 451 4420; x_wconf 77' lang='grc' dir='ltr'><strong><em>ἐδήλωσε.</em></strong></span> <span class='ocrx_word' id='word_1_311' title='bbox 486 4337 553 4402; x_wconf 92' lang='lat' dir='ltr'><strong>Imo</strong></span> <span class='ocrx_word' id='word_1_312' title='bbox 576 4360 646 4402; x_wconf 88' lang='lat' dir='ltr'><strong>vero</strong></span> <span class='ocrx_word' id='word_1_313' title='bbox 659 4349 679 4425; x_wconf 85' lang='grc' dir='ltr'><strong><em>ή</em></strong></span> <span class='ocrx_word' id='word_1_314' title='bbox 701 4367 750 4416; x_wconf 86' lang='grc' dir='ltr'><strong>τις</strong></span> <span class='ocrx_word' id='word_1_315' title='bbox 775 4375 814 4384; x_wconf 94' lang='lat'><em>-</em></span> <span class='ocrx_word' id='word_1_316' title='bbox 843 4336 992 4419; x_wconf 80' lang='grc' dir='ltr'><strong><em>ἐδήλωσε.</em></strong></span> <span class='ocrx_word' id='word_1_317' title='bbox 1040 4332 1123 4397; x_wconf 86' lang='lat' dir='ltr'><strong>Nota</strong></span> <span class='ocrx_word' id='word_1_318' title='bbox 1150 4340 1196 4396; x_wconf 89' lang='lat' dir='ltr'><strong>est</strong></span> <span class='ocrx_word' id='word_1_319' title='bbox 1219 4333 1331 4397; x_wconf 87' lang='lat' dir='ltr'><strong>utrius·</strong></span> 
     </span>
     <span class='ocr_line' id='line_1_35' title="bbox 172 4450 1332 4545; baseline -0.002 -29"><span class='ocrx_word' id='word_1_320' title='bbox 172 4533 178 4545; x_wconf 90' lang='lat'>.</span> <span class='ocrx_word' id='word_1_321' title='bbox 214 4474 282 4536; x_wconf 90' lang='lat' dir='ltr'><strong>que·</strong></span> <span class='ocrx_word' id='word_1_322' title='bbox 303 4451 426 4518; x_wconf 86' lang='lat' dir='ltr'><strong>voculae</strong></span> <span class='ocrx_word' id='word_1_323' title='bbox 453 4454 587 4519; x_wconf 89' lang='lat' dir='ltr'><strong>confusio</strong></span> <span class='ocrx_word' id='word_1_324' title='bbox 610 4455 642 4518; x_wconf 91' lang='lat' dir='ltr'><strong>in</strong></span> <span class='ocrx_word' id='word_1_325' title='bbox 668 4452 758 4517; x_wconf 85' lang='lat' dir='ltr'>MSS.</span> <span class='ocrx_word' id='word_1_326' title='bbox 784 4489 822 4498; x_wconf 92' lang='lat'>—</span> <span class='ocrx_word' id='word_1_327' title='bbox 871 4453 887 4536; x_wconf 68' lang='grc' dir='ltr'><strong><em>ή</em></strong></span> <span class='ocrx_word' id='word_1_328' title='bbox 910 4455 928 4516; x_wconf 95' lang='grc'>2</span> <span class='ocrx_word' id='word_1_329' title='bbox 955 4454 1138 4538; x_wconf 71' lang='grc' dir='ltr'><strong><em>ἀναβάντες</em></strong></span> <span class='ocrx_word' id='word_1_330' title='bbox 1164 4450 1194 4516; x_wconf 86' lang='lat' dir='ltr'><strong>d’</strong></span> <span class='ocrx_word' id='word_1_331' title='bbox 1220 4455 1271 4515; x_wconf 80' lang='grc' dir='ltr'><strong>ἐπὶ</strong></span> <span class='ocrx_word' id='word_1_332' title='bbox 1296 4453 1332 4514; x_wconf 88' lang='grc' dir='ltr'><strong>τὸ</strong></span> 
     </span>
     <span class='ocr_line' id='line_1_36' title="bbox 214 4560 1333 4655; baseline -0.009 -21"><span class='ocrx_word' id='word_1_333' title='bbox 214 4569 306 4650; x_wconf 82' lang='grc' dir='ltr'><strong><em>τέγος</em></strong></span> <span class='ocrx_word' id='word_1_334' title='bbox 344 4568 412 4651; x_wconf 82' lang='grc' dir='ltr'><strong><em>[τοῦ</em></strong></span> <span class='ocrx_word' id='word_1_335' title='bbox 448 4570 644 4655; x_wconf 60' lang='grc' dir='ltr'><strong><em>οἰκήματος]</em></strong></span> <span class='ocrx_word' id='word_1_336' title='bbox 685 4569 753 4633; x_wconf 90' lang='lat' dir='ltr'><strong>Duo</strong></span> <span class='ocrx_word' id='word_1_337' title='bbox 787 4566 895 4632; x_wconf 86' lang='lat' dir='ltr'><strong>ultima</strong></span> <span class='ocrx_word' id='word_1_338' title='bbox 932 4563 1075 4632; x_wconf 80' lang='lat' dir='ltr'><strong>vocabula</strong></span> <span class='ocrx_word' id='word_1_339' title='bbox 1098 4562 1234 4632; x_wconf 85' lang='lat' dir='ltr'><strong>noudum</strong></span> <span class='ocrx_word' id='word_1_340' title='bbox 1258 4560 1333 4652; x_wconf 82' lang='lat' dir='ltr'><strong>legit</strong></span> 
     </span>
    </p>
   </div>
   <div class='ocr_carea' id='block_1_3' title="bbox 0 0 1607 5232">
    <p class='ocr_par' dir='ltr' id='par_1_8' title="bbox 0 0 1607 5232">
     <span class='ocr_line' id='line_1_37' title="bbox 0 0 1607 5232; baseline 0 0"><span class='ocrx_word' id='word_1_341' title='bbox 0 0 1607 5232; x_wconf 95' lang='lat' dir='ltr'><strong> </strong></span> 
     </span>
    </p>
   </div>
  </div>
 </body>
</html>
