3190 5232
805 485 845 550 78

284 678 379 762 δεξίῳ
404 678 481 758 κε’ρᾳ
511 681 670 754 Τεγεᾶται
695 678 749 738 καὶ
775 675 1045 758 Λακεδαιμονίων
1074 675 1178 757 ‹il-lyei
1202 681 1237 742 τὸ
1262 679 1399 762 ἔσχατον

285 790 316 872 (l.
343 789 532 876 τοῦσχατον)
563 792 690 874 ἔχοντες
723 793 778 854 καὶ
807 793 837 854 οἱ
859 793 957 874 ἱππῆς
981 793 1089 857 αὐτῶν
1117 789 1166 871 ἐφ’
1190 793 1330 876 ἑκατέρῳ
1355 798 1399 874 τῷ

281 907 369 990 κέρᾳ.
405 901 600 985 Comparanti
625 923 691 965 oum
716 900 763 963 his
787 922 864 983 quoe
888 924 958 966 mox
982 909 1175 986 exponuntur
1198 903 1234 966 de
1262 904 1327 967 aeie
1343 906 1400 967 Ar-

279 1019 418 1102 givorum
441 1015 601 1102 apparebit
624 1015 721 1100 primo
746 1015 812 1078 loeo
838 1038 944 1099 parum
961 1024 1044 1081 reete
1060 1017 1121 1104 legi
1138 1019 1285 1102 copulam.
1312 1017 1400 1097 Quae
1465 1079 1470 1088 ,
1585 990 1586 1066 l

277 1155 370 1218 quum
404 1132 436 1195 in
471 1131 594 1215 optimis
620 1129 707 1194 codd.
754 1130 834 1194 Italo
859 1138 892 1194 et
915 1131 1062 1196 Vaticano
1086 1155 1146 1196 non
1171 1133 1296 1217 legatur,
1329 1155 1400 1196 eon·

277 1248 422 1312 iecturao·
442 1245 544 1310 deberi
575 1268 640 1309 eam
671 1246 858 1330 suspiceret
890 1245 1132 1312 substituendam
1168 1270 1231 1312 esse
1260 1245 1403 1342 ἔπειτ’ὗ

277 1363 358 1448 quod
387 1360 569 1425 vocabulum
599 1382 689 1443 quam
718 1361 845 1445 proclivi
868 1383 967 1426 errore
997 1371 1069 1426 ante
1096 1362 1199 1427 literas
1233 1369 1301 1430 ἐπὶ
1325 1364 1397 1448 eliis)

277 1476 356 1541 elabi
389 1477 537 1560 potuerit,
570 1498 631 1540 non
664 1482 709 1538 est
740 1475 820 1560 quod
853 1475 962 1539 dicam.
1011 1476 1140 1540 Prorsus
1164 1477 1207 1540 ita
1227 1469 1343 1560 legitur
1365 1476 1398 1539 in

277 1598 410 1656 extremo
442 1591 554 1676 eapite:
596 1598 650 1658 καὶ
682 1589 753 1676 μετ’
787 1593 904 1666 αὐτούς
939 1596 970 1656 οἱ
999 1593 1165 1684 ξύμμαχοιΙ
1190 1629 1232 1640 -
1264 1591 1397 1658 ἔπειτ’

277 1711 462 1792 Ἀθηναῖοι
486 1709 615 1792 ἔσχατοι
641 1712 709 1772 καὶ
739 1711 837 1790 ἱππῆς
861 1715 926 1772 nrt.

319 1818 429 1904 †Cap.
455 1819 497 1883 73
521 1820 537 1903 d
555 1822 585 1883 1.
610 1818 683 1883 Ere.
708 1816 783 1882 Crit.
801 1842 831 1903 p.
852 1820 916 1885 154
939 1819 1076 1902 supplevi
1093 1827 1147 1886 καὶ
1166 1820 1257 1904 (τῶν)
1277 1825 1398 1906 ξυμμά-

275 1943 391 2023 μονα]ι
425 1933 702 2023 PostKampium,
730 1941 763 1998 ot
783 1956 865 1998 nune
887 1935 985 1999 video.
1006 1972 1045 1982 -
1071 1934 1147 1998 Mox
1179 1936 1397 2004 ἐκυκλοῦντο

274 2049 402 2113 scribam
426 2071 495 2113 eum
519 2047 605 2113 codd.
629 2049 709 2113 Italo
733 2056 765 2112 et
789 2047 936 2112 Vatioano
961 2071 1014 2133 pro
1038 2049 1194 2133 singulari.

318 2163 393 2248 Gap.
417 2171 493 2230 extr.
517 2175 537 2249 η’
560 2167 672 2251 μέντοι
696 2172 781 2248 φυγὴ
811 2171 865 2230 καὶ
879 2169 1168 2253 .οἷποχὼρησις.
1218 2164 1328 2248 Aptius
1350 2163 1397 2227 f-

273 2284 319 2342 ret
342 2285 418 2347 ὑπο
430 2286 566 2366 χώρησις
592 2279 638 2342 vel
668 2282 748 2349 οἶνοι
759 2286 906 2366 χώρησις.

320 2393 391 2477 Cap.
411 2397 463 2457 74.
484 2393 574 2457 initio
594 2416 647 2481 pro
668 2395 940 2473 ξυνελθοῦσα
956 2393 1058 2456 malim
1076 2395 1392 2472 ξυνελθοοσῶν,

274 2496 372 2573 deleta
397 2508 514 2592 virgula
535 2514 606 2593 post
630 2511 770 2590 ἐγένετο,
840 2507 864 2574 f.
891 2508 960 2574 118
987 2515 1055 2592 ἣτε
1071 2508 1155 2593 ἄλλη
1172 2508 1290 2584 Ἑλλὰς
1306 2517 1394 2574 πᾶσα

271 2629 426 2710 μετέωρος
451 2617 490 2707 ἦν
515 2627 754 2702 ξννιουσών
784 2631 863 2690 τῶν
892 2631 1069 2708 πρώτων
1098 2624 1269 2689 πόλεων.

317 2737 426 2822 †Oap.
453 2739 493 2804 75
522 2741 538 2822 q
565 2741 596 2801 4.
624 2737 738 2802 ibidem
766 2760 820 2821 pro
848 2751 886 2825 τῇ
915 2741 1054 2825 προτέρᾳ
1079 2739 1180 2823 ἡμέρᾳ
1206 2734 1394 2818 requirebam

273 2856 383 2918 omisso
417 2853 608 2918 substantivo
641 2867 679 2939 τῇ
706 2860 935 2941 προτεραίαῒ
982 2851 1068 2929 Quae
1096 2855 1225 2914 annotat
1256 2849 1293 2912 ad
1326 2849 1392 2914 h.l.

272 2968 395 3054 Kriiger
417 2992 478 3032 non
504 2990 569 3032 eam
594 2968 654 3031 vim
679 2967 806 3039 habent,
833 2975 866 3031 ut
889 2974 1004 3030 mutem
1028 2964 1219 3029 sententiam.
1267 2963 1393 3027 Homeri

272 3085 351 3149 enim
374 3093 406 3148 et
428 3085 599 3168 sequiorum
623 3105 711 3146 nsum
736 3082 769 3145 in
793 3082 849 3145 hae
872 3080 1049 3165 quaestione
1074 3078 1151 3142 nihil
1174 3099 1282 3143 moror.

315 3198 421 3284 †Cap.
449 3202 489 3262 77
515 3201 531 3280 d
557 3202 586 3263 1.
611 3198 677 3261 dele
701 3196 828 3260 alterum
852 3193 1117 3270 ἀποδιδόντας.7
1151 3191 1198 3258 Ib.
1223 3195 1240 3277 q
1264 3191 1283 3256 3
1304 3191 1390 3275 lege:

271 3321 306 3380 αῖ
330 3317 365 3382 δέ
390 3343 432 3381 κα
452 3320 517 3381 τῶν
539 3319 628 3390 ἐκτὸς
644 3314 902 3380 Πελοποννάσου
919 3339 967 3386 τις
985 3315 1037 3376 ἐπὶ
1055 3314 1116 3377 τὰν
1133 3309 1388 3376 Πελοπόννασον

273 3429 365 3512 [γᾶν]
391 3432 423 3515 ἴῃ
453 3434 505 3494 ἐπὶ
532 3437 621 3512 κακῷ
645 3427 835 3510 ἀλεξέμεναι
861 3432 989 3510 οὲμόθι
1015 3431 1293 3516 βουλευσαμὲνιοιΙ
1325 3431 1391 3512 (pro

273 3545 415 3626 -νοοςλ

317 3657 421 3742 7Οομ.
447 3659 488 3721 80
512 3657 528 3740 ᾧ
553 3659 580 3719 1.
604 3677 658 3739 pro
684 3657 854 3742 ἐγεγένητο
885 3661 1007 3740 requiro
1031 3657 1190 3720 Aoristum
1220 3655 1392 3737 ἐγένετο.7

319 3770 392 3856 Cap.
418 3772 470 3837 82.
495 3776 525 3837 οἱ
545 3772 579 3836 δὲ
596 3771 853 3853 Λακεδαιμόνιοι
870 3773 927 3848 ’ἕως
942 3775 1000 3854 μὲν
1018 3773 1134 3845 αὐτούς
1149 3771 1391 3854 μετεπέμποντο

275 3893 305 3953 οἱ
334 3886 441 3970 φίλοι,
477 3890 533 3953 ουκ
562 3884 666 3970 ἦλθον
698 3889 739 3950 ἐκ
764 3885 978 3964 πλείονος,
1009 3886 1248 3972 ἀναβαλόμενοι
1276 3887 1309 3950 δὲ
1334 3890 1391 3958 τὰς

273 4004 514 4085 γυμνοπαιδίας
538 4006 708 4086 ἐβοήθουν.
756 3997 864 4084 Neque
885 4000 918 4062 in
943 3998 1087 4063 contortis
1108 3998 1197 4062 huius
1216 3998 1275 4062 looi
1296 3999 1390 4061 inter·

273 4113 497 4200 pretationibus
529 4134 626 4196 neque
657 4113 689 4176 in
718 4113 859 4178 violentis
887 4115 1073 4180 eruditorum
1103 4114 1284 4178 coniecturis
1309 4113 1389 4198 quie

273 4252 363 4315 quarn
391 4234 437 4292 est
463 4228 612 4313 praesidii.
660 4227 729 4291 Nisi
757 4229 877 4313 egregie
904 4229 1006 4306 fallor,
1038 4229 1216 4294 exciderunt
1243 4228 1389 4294 nonnulla

273 4352 341 4431 post
366 4344 484 4430 ἦλθον,
514 4342 623 4426 quibus
642 4344 713 4406 olim
735 4344 950 4428 explicabatur,
975 4367 1029 4409 our
1052 4353 1153 4408 tamen
1177 4343 1316 4408 venerint
1332 4342 1389 4405 La·

273 4458 466 4523 eedaemonii.
513 4456 608 4521 Ouios
631 4457 754 4522 lacunae
777 4458 925 4524 indicium
950 4459 1183 4544 deprehendisse
1219 4458 1320 4522 videor
1354 4458 1387 4520 in

272 4572 409 4637 obscuris
440 4573 508 4636 istis
536 4578 579 4639 εἰι
607 4573 823 4650 πλείονος,
851 4573 1018 4664 inquibus
1042 4574 1078 4638 de
1099 4573 1233 4656 margine
1254 4573 1315 4638 lruo
1337 4571 1386 4635 de-
