3166 5230
238 653 310 739 Gap.
337 657 378 721 62
402 654 466 719 init.
501 653 646 719 vocabula
676 660 711 724 ἐν
739 667 784 744 τῷ
813 657 1046 744 Ἑλλησπόντῳ
1073 661 1213 742 suspecta
1243 655 1318 722 mihi

195 774 281 834 sunt.
327 767 375 832 cf.
399 789 466 853 cap.
491 790 585 852 praec.
611 771 627 856 p
651 772 680 835 1.

240 884 313 970 Gap.
339 885 381 950 63
404 886 421 968 6
447 888 474 949 l.
500 882 637 950 deleatur
660 889 830 976 Αστυοχος
855 886 932 950 male
954 884 1119 971 repetitum
1135 891 1203 970 post
1219 896 1317 956 νεοῖν.

197 1001 214 1084 ό
239 999 268 1064 3.
297 1005 351 1066 καί
376 1005 411 1066 ἐν
435 1002 543 1082 σφίσιν
568 1000 678 1077 αὐτοῖς
705 1007 772 1085 ἅμα
800 1005 831 1067 οἱ
857 1005 891 1068 ἐν
922 1010 961 1086 τῇ
988 1007 1090 1087 Σάμῳ
1117 1007 1181 1068 τῶν
1209 1000 1319 1087 Ἀθη-

199 1117 299 1182 ναίων
326 1113 607 1198 κοινολογοῦμενοι
634 1117 815 1202 ἐσκέψαντο
834 1113 1056 1201 Ἀλκιβιάδην
1071 1119 1131 1200 μὲν
1149 1116 1318 1201 ἐπειδήπερ

198 1230 234 1296 οὐ
260 1228 430 1314 βούλεται,
466 1234 522 1296 ees
549 1267 589 1276 -
615 1231 769 1306 αὐτούς
795 1228 825 1296 δ’
852 1235 905 1296 ἐπὶ
931 1237 1019 1314 σφῶν
1044 1232 1164 1307 αὐτῶν,
1186 1235 1229 1305 ὥς
1257 1231 1319 1316 ἤδη

198 1349 253 1411 καί
278 1345 640 1424 κινδυνεύοντας,
670 1352 748 1432 ὁρᾶν
772 1351 837 1432 ὅτῳ
862 1352 970 1430 τρόπῳ
991 1352 1033 1429 μὴ
1061 1347 1255 1428 α’νεθησεται
1280 1350 1319 1412 τὰ

198 1466 371 1544 πράγματα
394 1466 448 1526 καί
465 1465 506 1526 τοί
522 1468 576 1526 τοῦ
593 1461 735 1546 πολέμου
751 1462 901 1545 οίντίχειν
919 1456 949 1544 (l.
965 1461 1095 1546 ἀνέχειν
1113 1479 1179 1522 cum
1196 1456 1320 1521 Reiskio

199 1573 234 1640 cl.
259 1573 277 1636 Ι
301 1575 365 1638 141
389 1575 462 1660 dd)
496 1570 550 1641 adri
579 1576 722 1660 ἐσφέρειν
750 1576 904 1650 αὐτοῦς
937 1579 970 1639 ἐκ
997 1580 1063 1640 τῶν
1090 1573 1178 1639 ίδίων
1208 1573 1319 1656 [οίκων

199 1686 300 1753 abesse
322 1687 458 1774 mallem]
492 1695 667 1774 προθύμως
699 1697 844 1776 χρήματα
868 1693 922 1753 καί
952 1696 989 1772 ἤν
1017 1715 1048 1754 τι
1075 1687 1157 1753 ἄλλο
1181 1687 1252 1774 δίη,
1277 1692 1319 1763 ὥς

201 1805 308 1874 οὐκέτι
332 1804 445 1882 ἄλλοις
472 1811 492 1889 η’
519 1808 626 1887 σφίσιν
644 1807 755 1878 αὐτοῖς
781 1803 1173 1887 ταλαιπωροῦντας.
1219 1785 1320 1885 Siqdi-

200 1918 270 1983 dem
299 1917 434 2003 syntaxis
464 1939 498 1981 ea
529 1922 593 1996 est,
616 1924 650 1981 ut
673 1915 776 1983 nullus
804 1916 846 1980 sit
869 1915 1056 1980 Accusativis
1080 1937 1105 1980 c.
1131 1915 1192 1979 Inf.
1215 1915 1318 1994 locus,

201 2032 386 2098 confidenter
409 2031 542 2118 corrigo:
569 2034 682 2100 αὐτοὶ
706 2069 746 2078 *-
773 2033 1073 2109 κινδυνεύοντες
1089 2069 1133 2078 -
1150 2033 1261 2099 αὐτοί
1279 2069 1319 2080 -

201 2147 583 2233 ταλαιπωροῦντες.
633 2145 734 2212 Unius
766 2145 872 2210 horum
895 2145 1111 2212 vocabulorum
1132 2146 1232 2211 levem
1256 2167 1320 2210 cor-

201 2263 351 2348 ruptelam
376 2261 447 2327 olim
471 2266 685 2341 correctorem,
710 2268 745 2326 ut
769 2261 885 2346 reliqua
897 2261 945 2326 ad
961 2260 1088 2326 eandem
1104 2283 1238 2326 normam
1256 2282 1320 2325 cor-

199 2378 327 2463 rigeret,
351 2375 482 2441 movisse
505 2376 649 2462 suspicor.

245 2489 317 2576 Gap.
343 2492 385 2557 65
409 2512 501 2576 prope
524 2491 576 2556 fin.
601 2493 696 2573 λόγος
717 2487 746 2557 τ’
763 2497 796 2558 ἐκ
813 2499 869 2559 τοῦ
885 2499 1024 2580 φανεροῦ
1042 2496 1319 2578 προσείργαστο

201 2611 320 2682 αὐτοῖς.
368 2603 492 2688 Kriigcr
522 2627 560 2668 ex
590 2604 658 2668 aliis
688 2603 775 2669 libris
806 2612 1104 2693 προείργαστο.
1154 2605 1253 2692 Magis
1282 2606 1320 2670 ad

202 2741 265 2785 rem
289 2719 383 2784 Thur.
409 2719 565 2806 scripsisse
589 2720 716 2786 coniicio
739 2727 987 2809 προείρητο,
1011 2722 1093 2806 quod
1116 2721 1214 2786 solum
1238 2729 1321 2786 recte

203 2833 264 2900 coit
287 2856 354 2899 cum
377 2857 554 2920 praegresso
578 2843 612 2904 ἐκ
635 2845 691 2905 τοῦ
715 2846 863 2924 φανεροῦ.

246 2948 354 3035 †0ap.
388 2953 429 3016 66
461 2951 528 3032 init.
560 2958 629 3019 ἐπεὶ
656 2953 741 3029 ἕξειν
771 2980 806 3033 γε
834 2960 893 3036 τὴν
922 2953 1048 3020 πόλιν
1074 2957 1164 3038 οίπερ
1189 2958 1243 3018 καί
1268 2979 1321 3036 με·

203 3070 365 3135 θίστασοιν
392 3068 536 3153 ἔμελλον.
583 3065 804 3150 Corrigendum
832 3073 891 3151 τὴν
918 3068 1166 3144 πολιτείαν,
1190 3071 1321 3130 utrccte

200 3179 313 3266 legitur
341 3183 383 3245 74
413 3181 430 3265 ξ
458 3161 482 3244 ’3
515 3189 570 3250 καί
598 3186 765 3250 οίντειπεῖν
794 3185 881 3249 ἔστιν
910 3187 986 3268 πρός
1014 3185 1109 3259 τοδς
1141 3185 1321 3269 ὲήοντοις

202 3297 537 3381 τὴνπολιτείαν.
561 3297 581 3363 †
626 3295 786 3360 Contrario
810 3317 908 3359 errore
938 3295 955 3358 I
979 3297 1042 3359 127
1067 3301 1146 3358 extr.
1193 3294 1322 3358 Pericles

203 3409 316 3475 dicitur
338 3419 427 3493 ἄγων
453 3418 527 3494 τὴν
556 3411 809 3490 πολιτείαν,
835 3411 888 3476 ubi
914 3411 980 3476 cod.
1005 3410 1192 3476 Graecianus
1208 3411 1322 3495 optime

203 3525 327 3590 exhibet
348 3533 423 3610 τὴν
451 3527 588 3606 πόλιν,
615 3525 637 3589 i.
650 3547 675 3590 e.
701 3531 774 3604 τούς
799 3528 944 3606 πολίτας.
969 3525 1016 3592 Of.
1038 3525 1073 3589 ΙΙ
1097 3527 1138 3592 65
1163 3526 1179 3610 ᾧ
1204 3526 1241 3592 5:
1267 3529 1323 3594 οὐκ

202 3650 325 3726 ἤγετο
353 3641 477 3726 μᾶλλον
501 3640 556 3708 ὑπ’
582 3644 678 3709 αὐτοῦ
703 3641 773 3726 (τοῦ
805 3643 965 3727 πλήθους)
989 3651 1010 3727 ἤ
1037 3646 1132 3718 αὐτός
1156 3672 1174 3726 η
1183 3669 1226 3724 γε
1255 3648 1320 3708 κτὲ.

248 3757 323 3842 Cap.
356 3759 408 3822 67.
445 3756 711 3842 ξυνεκλῂσαν
735 3764 795 3840 τὴν
820 3757 993 3842 ἐκκλησίαν
1021 3761 1053 3834 ἐς
1076 3761 1132 3824 τόν
1157 3756 1320 3824 Κολωνόν.

203 3870 300 3935 Erant
328 3869 450 3934 comitia
474 3876 571 3936 οωίνο
599 3868 762 3947 ordinem,
787 3872 962 3954 ξδγκλητος
986 3871 1148 3956 ἐκκλησία.
1180 3868 1322 3954 Corrigc:

202 3989 221 4064 ξ
229 3985 493 4053 υνεκόιλεσαν
518 3990 577 4070 τὴν
603 3983 790 4068 ἐκκλησίαν,
816 3983 902 4048 cuius
918 3983 1057 4048 lectionis
1072 3983 1325 4070 interpretamen-

201 4107 266 4164 tum
294 4099 531 4177 ξυνέλεξαν
561 4106 721 4163 servarunt
749 4098 835 4166 codd.
859 4100 1029 4164 deteriores,
1051 4139 1090 4150 -
1114 4101 1212 4186 Prope
1233 4102 1326 4165 finem

201 4213 362 4280 deleverim
385 4216 508 4301 ἄνδρας
535 4236 692 4300 perperam
727 4215 891 4301 repetitum
926 4233 994 4304 post
1022 4225 1150 4286 ἑκατόν.
1208 4218 1325 4282 Deinde

203 4329 355 4414 suspicor:
390 4337 521 4398 πάντων
547 4331 764 4416 διαφερόντως
792 4339 1013 4418 πρόθυμον
1041 4355 1096 4421 pro
1120 4341 1326 4424 προθυμό-

203 4472 343 4514 τατον.

251 4555 323 4642 Gap.
350 4564 427 4624 extr.
452 4564 624 4644 suspectum
649 4559 724 4625 mihi
747 4567 793 4626 eet
818 4559 1014 4649 Ἀθηναίων
1038 4549 1110 4626 ante
1134 4564 1245 4648 δῆμον.
