3190 5232
719 533 758 596 81

183 713 251 777 nius
280 712 471 799 Gorgiaeque
499 715 622 801 dignius
648 719 798 806 discipulo
823 721 920 786 verbis
951 727 1101 793 πλεῖστον
1134 728 1172 811 δὴ
1197 756 1302 815 παρα-

182 831 374 917 βεβλημένοι
397 829 510 913 reliqua
531 834 681 901 πλεῖστον
707 841 761 902 καί
786 841 985 922 σφαλήυεσθε
1010 840 1253 924 respondebunt.

226 953 247 1019 †
271 943 345 1029 Gap.
371 948 433 1013 116
458 954 500 1027 ὡς
524 955 633 1029 αὐτοῖς
652 959 692 1019 τὰ
710 955 906 1041 διαβατήρια
927 956 1009 1041 [ἱερὰ
1037 963 1071 1024 ἐν
1098 967 1165 1036 τοῖς
1189 959 1303 1044 ὁρίοις]

184 1061 320 1140 ἐγένετο.
349 1071 370 1138 †
394 1062 590 1128 Manifestum
615 1066 762 1131 scholium
787 1069 997 1154 expungebam
1023 1070 1054 1133 in
1080 1070 1134 1135 ux.
1167 1070 1245 1135 crit.
1272 1095 1301 1157 p.

186 1173 266 1252 155,
291 1181 360 1257 post
382 1173 549 1254 Cobetum,
576 1185 609 1242 nt
632 1188 737 1264 postea
759 1181 908 1247 intellexi.

230 1289 498 1354 Annotatiuuculis
520 1293 552 1355 in
573 1293 654 1358 hunc
673 1294 784 1360 librum
807 1297 898 1361 finem
918 1298 1077 1382 imponens
1096 1298 1303 1364 animadverto

184 1423 231 1466 me
255 1403 287 1466 in
310 1405 479 1490 exemplare
506 1427 570 1470 meo
587 1408 774 1492 Thucydidis
795 1410 954 1475 dubitandi
977 1411 1098 1495 signum
1125 1413 1303 1498 apposuisse

184 1538 247 1601 cap.
274 1518 313 1582 91
339 1518 407 1584 init.
432 1520 545 1584 verbis:
580 1533 670 1608 ἡμεῖς
702 1527 736 1590 δὲ
768 1535 822 1608 τῆς
850 1527 1002 1612 ἡμετέρας
1030 1530 1145 1616 ἀρχῆς,
1172 1537 1211 1614 η”ν
1249 1535 1302 1596 καὶ

183 1643 298 1718 παυθῇ
323 1632 355 1714 (l.
381 1645 541 1722 παυσθῇ),
566 1639 622 1703 οὐκ
644 1641 893 1724 ἀθυμοῦμεν
918 1648 976 1723 τὴν
993 1643 1154 1726 τελευτήν.
1183 1641 1303 1728 Nempe

183 1743 339 1809 haerebam
362 1745 395 1810 in
418 1755 511 1814 verbo
534 1753 675 1835 α’θυμεῖν
692 1750 800 1815 iuncto
817 1774 884 1816 curn
905 1754 1081 1818 Accusativo
1096 1756 1304 1823 substantivi.

183 1859 265 1924 Fieri
291 1861 387 1945 possit
410 1869 446 1926 ut
469 1869 657 1950 ἀθυμοῦμεν
684 1865 832 1948 glossema
863 1867 903 1930 sit
925 1869 1052 1952 genuini
1076 1870 1158 1934 verbi
1182 1876 1302 1960 ὀρρω-

184 1976 347 2061 δοῦμεν.
394 1977 523 2042 Moluius
546 2000 575 2062 p.
600 1981 662 2044 286
693 1979 740 2044 ed.
766 1980 859 2044 Piera
892 1985 1094 2070 ὀρρωδεῖν,
1126 1983 1300 2065 Ἀττικῶς.

185 2096 358 2177 φοβεῖσθαι
380 2102 400 2178 ἤ
419 2096 621 2179 α’θυμεῖν,
645 2096 857 2182 Ἑλληνικῶς.

651 2327 843 2335 w

590 2515 638 2560 ΙΝ
675 2516 814 2561 n1ee0
846 2495 900 2563 VI.

229 2655 339 2741 †Oap.
366 2660 382 2721 1
413 2658 476 2742 [ἐν]
503 2662 602 2725 είιιοσι
632 2660 771 2726 σταδίων
795 2661 935 2746 μάλιστα
951 2659 1056 2744 μέτρῳ
1075 2658 1250 2743 διείργεται
1266 2662 1302 2724 τὸ

182 2777 224 2855 μὴ
252 2779 382 2858 ἤπειρος
410 2770 504 2840 εἶναι.
554 2770 628 2836 Non
652 2772 760 2856 ignoro
785 2771 1016 2856 praepositionis
1041 2778 1076 2840 ἐν
1099 2771 1130 2834 in
1147 2769 1301 2834 distantiis

184 2881 352 2948 indicandis
374 2885 547 2968 praesertim
563 2885 643 2969 opud
664 2886 815 2969 sequiores
840 2908 947 2964 usum,
970 2885 1124 2970 aliquanto
1149 2885 1304 2950 tamenab

184 2995 273 3062 huius
296 2999 353 3062 loci
379 2999 494 3062 ratione
519 2999 694 3076 diuersum.¹
715 2999 805 3084 Apud
835 3000 955 3064 Atticos
980 2999 1186 3084 nilquicquam
1206 2999 1305 3064 simile

186 3134 233 3175 me
256 3112 356 3197 legere
381 3113 512 3178 memini.
559 3113 664 3178 Fuisse
699 3113 771 3176 olim
796 3113 900 3187 codd..
935 3113 1086 3198 aquibus
1120 3113 1303 3198 praepositio

185 3226 315 3304 abesset,
340 3235 466 3312 apparet
483 3251 499 3290 c
515 3228 691 3306 scholiasta,
707 3249 804 3311 neque
828 3249 892 3291 eam
914 3227 1055 3311 agnoscit
1077 3227 1214 3292 imitator
1229 3229 1303 3292 Pro·

186 3341 305 3425 copius,
330 3342 417 3406 cuius
440 3342 521 3406 locos
545 3340 680 3406 laudavit
703 3341 891 3406 Bloomfield.
924 3340 1049 3406 Dudum
1073 3349 1213 3428 suspecta
1229 3342 1304 3408 mihi
1381 3362 1383 3367 ·

185 3457 267 3537 (cum
295 3456 451 3540 Krtigero,
479 3463 513 3520 ut
537 3456 614 3522 hanc
635 3456 787 3541 plagulam
816 3456 968 3542 corrigens
999 3457 1101 3540 video)
1126 3457 1188 3522 fuit
1211 3456 1303 3522 libro·

187 3595 251 3636 rum
269 3573 417 3658 scriptura
435 3572 468 3636 in
487 3573 526 3635 iis
541 3594 616 3656 quae
632 3573 779 3636 continuo
794 3571 994 3657 praecedunt:
1012 3574 1167 3662 Σινελί
1178 3600 1224 3650 ας
1244 3579 1304 3660 γὰρ

187 3691 360 3773 περίπλους
380 3691 438 3772 μέν
464 3679 550 3755 ἐστιν
584 3689 696 3754 ὁλκάδι
728 3690 764 3754 ου
794 3689 904 3770 πολλῷ
928 3715 994 3756 τινι
1018 3689 1153 3754 ἔλασσον
1181 3686 1304 3772 ddecet

186 3812 320 3888 ἡμερῶν.
348 3801 426 3864 Vide
448 3802 528 3866 enim
553 3824 653 3867 annon
670 3801 764 3867 Thuc.
778 3799 930 3886 scripserit
952 3804 1120 3869 Σικελία
1144 3799 1182 3864 ad
1205 3820 1304 3864 exem·

186 3916 269 4002 plum
294 3915 418 3980 alterius
441 3915 499 3981 loci
516 3915 551 3980 ΙΙ
568 3919 620 3995 97,
645 3917 697 4001 qui
714 3939 775 3981 non
795 3937 889 4001 aeque
911 3915 1000 3980 facile
1015 3916 1117 4000 potuit
1133 3913 1304 3998 corrumpi:

188 4036 289 4118 αὕτη
313 4034 546 4118 περίπλους
571 4039 686 4101 ἐστιν
711 4045 730 4118 ἡ
754 4044 793 4117 μῆ
819 4040 883 4100 ιιτὲ.

232 4145 341 4232 tCap.
361 4149 413 4232 λδ
436 4148 465 4212 5.
489 4154 547 4216 alul
565 4151 598 4214 δέ
617 4153 671 4216 καί
696 4156 810 4216 νῦνέν
837 4162 875 4233 τῇ
898 4147 1064 4233 Ἰταλίᾳ
1088 4147 1236 4224 Σικελοί,
1251 4148 1304 4210 nal

186 4272 205 4346 η’
230 4270 317 4349 χώρα
340 4266 403 4330 uno*
427 4260 457 4343 (l.
482 4262 550 4345 ἀπ’)
577 4261 874 4339 'lentot-odacar
895 4261 1054 4344 [Ἰταλία]
1080 4266 1305 4346 ἐπωνομάσθη.

186 4374 332 4440 Deleatur
355 4375 504 4441 scholium
526 4375 564 4439 ad
588 4380 695 4453 οὕτως.
721 4376 740 4444 †
787 4376 891 4440 Simile
908 4372 1058 4440 scholium
1081 4374 1113 4437 iu
1138 4371 1305 4454 marginem

186 4487 337 4573 relegetur
360 4513 409 4574 ap.
426 4491 506 4554 Xen.
523 4489 634 4576 Cyrop.
655 4491 743 4557 1113
762 4492 778 4574 ᾧ
796 4494 852 4569 62,
876 4489 928 4554 ubi
951 4495 1019 4575 post
1042 4491 1172 4563 οὕτως·
1193 4491 1305 4574 ἐχώρει

188 4624 343 4688 perperam
367 4605 596 4690 repetiturrlc
619 4608 799 4694 terrun
824 4609 886 4684 τίς
914 4611 1092 4692 ἄμαθος
1120 4599 1201 4708 quod
1225 4595 1305 4662 idem

1151 4717 1170 4782 6
