3166 5230
831 537 893 601 132

316 747 416 790 vereor
440 747 477 789 ne
502 724 543 788 sit
566 724 698 788 alienum
722 747 738 787 a
760 745 847 808 prosa
871 724 983 792 Attica.
1010 726 1096 791 Idem
1113 727 1191 792 valet
1207 727 1244 791 de
1260 729 1429 816 πίμπλημι

314 839 378 904 vn
403 842 458 914 ιο,
485 839 537 904 uu
561 848 663 902 emen
686 861 769 904 serus
793 848 898 904 anaor
922 841 980 904 ux.
1006 841 1071 926 seg.
1097 842 1131 907 a.
1159 845 1196 907 ι.
1221 865 1251 928 p.
1277 845 1361 921 rea,
1389 812 1446 910 ιο

313 954 372 1018 iam
395 955 488 1038 legit:
514 957 647 1039 δάκρυσι
671 965 736 1022 πᾶν
761 962 797 1022 τό
821 964 999 1041 στράτευμα
1024 957 1229 1043 πλησθέν.

358 1069 432 1156 Cap.
457 1072 498 1135 98
522 1073 796 1138 ἀποσκίδνασθαι.
824 1068 930 1134 Malim
952 1073 1277 1149 ἀποσκεδάννυσθαι,
1298 1079 1333 1136 nt
1356 1070 1429 1134 alibi

250 1197 252 1209 '
313 1187 389 1250 solet
422 1193 535 1252 noster.
581 1185 640 1249 Illa
671 1185 766 1250 forma
790 1186 938 1271 reperitur
961 1187 1043 1270 apud
1067 1187 1173 1266 Iones,
1198 1187 1278 1272 apud
1302 1195 1427 1272 poetas,

312 1300 390 1386 apud
425 1301 544 1364 serioris
579 1300 643 1364 aevi
678 1300 838 1384 scriptores
861 1301 1028 1386 pedestres.
1078 1304 1343 1370 Διασκλδνασθαι
1371 1324 1428 1387 pro

276 1440 278 1446 ·
312 1419 609 1484 διασκεδάννυσθαι
641 1414 839 1500 Xenophonti
871 1415 979 1481 tribuit
1009 1417 1119 1480 Pollux
1143 1415 1189 1479 VI
1214 1419 1287 1482 194.
1337 1414 1430 1494 Quod

312 1529 435 1593 verbum
457 1529 528 1593 licet
551 1550 632 1592 nuuc
657 1530 687 1592 in
712 1529 923 1614 Xenophontis
945 1530 1033 1594 libris
1057 1553 1117 1596 non
1143 1531 1273 1614 legatur,
1298 1552 1361 1595 non
1382 1536 1428 1594 ta·

311 1667 380 1708 meu
403 1644 431 1708 ei
450 1644 546 1708 ausim
565 1644 752 1723 abiudicare,
774 1653 932 1730 propterea
953 1644 1033 1729 quod
1054 1645 1158 1710 formis
1178 1644 1360 1730 quibusdam
1377 1646 1429 1710 Io·

310 1760 385 1824 uicis
405 1759 639 1844 Xenophontem
663 1781 723 1822 non
747 1758 931 1823 abstinuisse
954 1759 1027 1822 satis
1051 1767 1181 1824 constat.
1207 1760 1250 1824 Ut
1270 1768 1371 1824 autem
1393 1761 1425 1824 in

309 1873 481 1958 Thucydide
504 1873 582 1936 nihil
601 1879 715 1936 temere
741 1895 905 1951 novemus,
929 1873 1033 1937 suadet
1054 1873 1225 1938 Marcellini
1243 1873 1327 1938 locus
1349 1877 1362 1956 δ
1380 1877 1422 1938 41

305 1989 359 2054 διά
394 2017 427 2068 γε
463 1983 518 2054 οὖν
555 1995 589 2055 τὸ
621 1990 747 2074 ὑψηλὸν
780 1993 797 2053 0'
832 1989 1035 2074 Θουκυδίδης
1071 1994 1126 2055 καλ
1166 1997 1425 2073 ποιητικαῖς

304 2103 460 2178 πολλάκις
489 2110 641 2189 ἐχρήσατο
666 2102 811 2179 λέξεσι
837 2108 902 2168 κτὲ.
952 2100 1021 2163 Huc
1044 2121 1163 2184 qnoque
1187 2099 1341 2163 retulerim
1366 2099 1425 2162 sor·

303 2239 380 2280 mam
412 2221 481 2303 δορί
508 2237 560 2299 pro
593 2218 705 2299 dapem
734 2214 751 2276 Ι
776 2217 839 2281 128
867 2216 883 2298 b
910 2216 928 2280 5
953 2222 983 2278 et
1006 2213 1052 2278 IV
1077 2217 1117 2280 98
1146 2218 1162 2300 δ
1187 2216 1216 2280 5:
1264 2214 1425 2278 Cantelam

304 2338 453 2415 praeterea
477 2328 618 2406 suadent,
644 2352 718 2412 qnae
737 2352 811 2393 ¹moa
834 2329 985 2394 adnotabo
1012 2330 1051 2394 ad
1079 2334 1119 2397 78
1146 2333 1162 2417 b
1186 2333 1214 2397 3.

348 2444 560 2512 Libertina.
584 2449 741 2513 ταυτὸν
762 2444 901 2508 hocloco
918 2453 953 2509 ut
969 2446 986 2509 I
1004 2447 1045 2511 36
1065 2452 1138 2510 extr.
1159 2454 1317 2510 servarunt
1334 2423 1423 2510 codd.

305 2561 388 2624 Alibi
419 2561 481 2626 fere
514 2569 577 2624 tam
609 2569 678 2624 ante
702 2567 918 2625 consonantem
942 2584 1034 2645 quam
1058 2568 1130 2624 ante
1154 2560 1284 2626 vocalem
1307 2560 1422 2644 legitur

303 2679 411 2742 ταύτό.
452 2675 497 2740 Of.
522 2676 557 2739 ΙΙ
581 2678 619 2754 9,
643 2675 696 2739 ΠΙ
720 2679 778 2754 12,
804 2678 856 2754 37,
882 2679 939 2754 68,
963 2675 1015 2738 ΙΙΙ
1039 2679 1100 2754 46,
1124 2678 1177 2754 47,
1204 2678 1254 2740 91.
1303 2674 1418 2740 Contra

302 2799 476 2855 constanter
498 2791 560 2855 fere
583 2791 727 2856 scribitur
750 2802 901 2861 τοσοῦτον
929 2798 1002 2856 ante
1027 2800 1198 2877 utrumque.
1244 2789 1290 2854 Ol.
1315 2789 1331 2854 I
1355 2793 1415 2869 88,

303 2909 375 2983 127,
407 2904 443 2969 ΙΙ
474 2909 531 2983 65,
562 2909 613 2984 87,
647 2909 706 2986 88,
739 2905 792 2970 ΠΙ
822 2907 880 2984 52,
905 2905 951 2970 VI
975 2910 1034 2986 72,
1059 2906 1140 2992 quod
1167 2906 1248 2970 idem
1271 2904 1354 2968 valet
1378 2904 1415 2968 dc

201 3055 212 3076 s
300 3029 455 3088 τοιοῦτον.
502 3017 549 3084 Cf.
573 3018 589 3082 I
614 3020 694 3098 132,
720 3018 772 3082 ΠΙ
795 3023 854 3097 21,
882 3019 942 3097 30,
970 3020 1017 3083 IV
1041 3023 1093 3086 67.

343 3132 412 3218 Cap.
440 3136 480 3197 17
504 3135 636 3200 θέλωσι.
674 3133 796 3218 Ubique
819 3156 961 3218 reponam
986 3136 1135 3213 ἐθέλειν,
1161 3157 1219 3218 qua
1241 3133 1339 3198 forma
1362 3155 1414 3197 ve-

298 3239 375 3312 ter'es
406 3249 502 3312 Attici
532 3249 564 3313 in
595 3273 731 3314 sermone
764 3249 915 3334 pedestri,
948 3249 1085 3335 exceptis
1115 3249 1252 3336 fortasse
1274 3249 1414 3314 formulis

298 3363 496 3447 quibusdam,
521 3363 583 3425 sola
607 3363 654 3426 usi
678 3385 742 3426 esse
765 3362 913 3428 videntur.

343 3477 417 3561 Cap.
443 3478 484 3542 50
507 3478 523 3560 b
548 3480 567 3541 2
591 3481 707 3564 Λίβυς.
753 3476 846 3540 Felici
869 3499 939 3540 casu
970 3483 1086 3539 servata
1110 3484 1156 3540 est
1180 3476 1209 3540 h.
1234 3477 1253 3542 l.
1279 3477 1413 3560 genuina

298 3592 393 3656 forma
417 3592 589 3655 Accusativi
612 3591 744 3669 Plurali,
768 3615 843 3677 qnae
867 3591 941 3656 alibi
965 3592 1115 3676 corrumpi
1131 3593 1207 3656 solet
1223 3591 1255 3656 in
1272 3596 1412 3679 Λίβυας.

341 3705 413 3790 Cap.
432 3709 472 3772 78
490 3709 506 3788 δ
524 3710 543 3770 3
559 3709 685 3773 στάδια.
711 3705 858 3770 Videatur
875 3705 1001 3770 Photius
1017 3706 1092 3785 i.v.‚
1118 3707 1203 3770 cuius
1228 3706 1411 3771 verissimam

297 3820 524 3885 adnotationem
548 3821 651 3884 deberi
675 3821 759 3885 helio
784 3821 929 3907 Dionysio
954 3821 1041 3885 docet
1056 3820 1158 3886 Naber
1176 3823 1207 3886 in
1225 3823 1411 3906 prolegome-

297 3935 343 3998 nis
366 3958 395 4020 p.
421 3937 473 4000 25.
521 3934 686 4001 ducebat
710 3937 823 4001 Mnem.
847 3937 893 4014 X,
920 3939 972 4002 87.

340 4049 411 4134 Οειρ.
440 4054 479 4117 81
506 4052 522 4134 b
546 4051 565 4116 5
589 4052 827 4137 άνειληθέννες.
853 4052 982 4116 Etiamsi
998 4051 1048 4114 hic
1070 4051 1209 4114 horietus
1233 4072 1294 4113 nou
1309 4055 1411 4134 potest

296 4165 424 4229 derivari
447 4165 506 4228 nisi
529 4189 545 4228 a
568 4165 727 4230 Praesenti
749 4169 906 4244 οἰνειλεῒν,
927 4175 1028 4230 tamen
1053 4165 1254 4230 Athenienses
1271 4166 1302 4229 in
1318 4164 1411 4230 Prae·

295 4280 374 4344 senti
399 4279 510 4344 dixisse
534 4281 679 4348 άνίλλειν
704 4288 807 4342 auctor
832 4287 876 4343 est
906 4278 1096 4364 Phrynichus
1120 4302 1166 4362 ap.
1194 4279 1288 4342 Beklr.
1312 4301 1341 4362 p.
1369 4282 1411 4345 19

294 4394 315 4458 i.
340 4416 367 4459 v.
393 4395 588 4462 άνίλλειυ
613 4395 808 4481 βιβλίου·
835 4398 945 4479 οἱμὲν
968 4395 1063 4460 άλλοι
1080 4399 1256 4476 περισπῶσι
1282 4402 1339 4476 τὴν
1361 4395 1411 4461 λε’·

294 4511 346 4586 ξιν
373 4514 427 4573 καὶ
452 4503 494 4573 δι’
523 4514 592 4585 ἑνός
616 4509 634 4573 λ
660 4518 857 4591 γράφουσιν,
884 4513 915 4575 οἱ
945 4511 978 4575 δι’
1005 4508 1156 4575 Ἀττικοὶ
1191 4510 1409 4593 παροξύνουσι

295 4627 349 4704 καὶ
373 4625 427 4694 διὰ
451 4625 542 4694 δυοῖν
568 4624 607 4690 λλ
627 4635 814 4714 γράφουσιν.
841 4628 923 4692 οὗτοι
943 4628 1052 4692 καὶτὸ
1075 4620 1279 4702 ε’ξίλλειν.
1302 4624 1409 4711 Suspi-
