3190 5232
778 484 821 550 53

236 701 348 766 pauca:
378 682 434 745 τὸν
453 677 592 760 πόλεμον
619 679 787 743 ίποιοῦντο
813 679 855 740 εἰι
884 681 1066 761 Μεσσήνης.
1113 673 1305 761 Praepositio
1323 683 1358 746 ἐκ

236 794 320 859 abest
335 792 373 858 ab
386 790 466 856 Italo
484 796 514 855 et
527 788 686 853 Vaticano.
709 787 782 852 Non
798 793 901 851 tamen
918 786 1025 851 dubito
1041 787 1116 872 quin
1134 796 1169 857 ἐκ
1186 799 1359 880 Μεσσήνης

236 909 277 973 sit
298 906 476 994 genuinum.
516 904 573 968 Sed
597 905 614 986 t
640 904 659 968 3
683 924 787 966 vereor
809 924 847 967 ne
873 901 971 967 aliena
995 925 1103 968 manus
1124 926 1177 969 sna
1200 904 1358 970 immiscu-

236 1025 294 1089 erit
313 1023 375 1089 his:
395 1029 450 1089 τοῦ
467 1049 499 1089 τε
516 1023 654 1107 Ῥηγίου
678 1019 892 1107 [ἀκρωτηρίου
906 1029 962 1103 τῆς
977 1015 1138 1104 Ἰταλίας]
1152 1028 1207 1104 τῆς
1220 1048 1253 1087 τε
1269 1030 1358 1089 Μεσ-

237 1149 332 1226 σήνης
371 1138 439 1221 [τῆς
470 1135 639 1219 Σικελίας]
663 1140 696 1197 et
715 1132 761 1197 VI
785 1155 811 1197 o.
839 1136 882 1197 44
906 1133 964 1210 ’ἕως
985 1137 1143 1218 α’φίιιοντο
1168 1140 1199 1212 ἐς
1220 1138 1357 1220 Ῥήγιον

238 1254 307 1338 [τῆς
338 1253 485 1329 Ἰταλίας
519 1252 743 1339 οἰαροιτήριον]1
791 1248 873 1314 Nam
905 1271 1010 1335 parum
1042 1255 1123 1314 recte
1149 1249 1217 1336 ipsa
1245 1249 1357 1336 oppida

233 1368 385 1452 Rhegium
409 1373 439 1431 et
462 1365 604 1430 Messana
628 1365 771 1430 dicuntur
794 1362 1009 1450 promontoria.

277 1484 297 1551 l
319 1481 393 1567 Gap.
418 1482 458 1546 25
483 1483 499 1566 ᾧ
523 1484 553 1547 1.
569 1485 600 1558 ἐς
625 1487 665 1548 τὰ
686 1489 789 1549 οἰκεῖοι
810 1481 1012 1567 στρατόπεδα
1037 1479 1136 1562 [τότε
1156 1484 1190 1546 ἰν
1211 1486 1251 1564 τῇ
1266 1487 1356 1546 Μεσ·

234 1608 311 1686 σήνῃ
334 1602 387 1663 καί
410 1601 444 1665 ἰν
466 1605 509 1684 τῷ
531 1598 684 1684 Ῥηγίῳ]
708 1595 857 1659 Graecum
881 1593 988 1658 saltem
1011 1593 1089 1658 louet
1114 1599 1168 1660 καί
1189 1598 1231 1660 τὸ
1257 1598 1291 1662 ἐν
1308 1601 1353 1682 τῷ

233 1715 403 1800 “Ρηνίῳ,ῒ
428 1710 514 1791 Quae
538 1709 652 1775 fuerint
677 1709 835 1793 utriusque
860 1709 962 1773 classis
986 1707 1133 1773 stationes
1158 1708 1232 1772 satis
1247 1714 1354 1773 notum

231 1833 333 1892 erate
356 1848 421 1912 cap.
446 1829 498 1892 24.

276 1940 325 2005 Ib.
352 1943 368 2024 t
395 1944 424 2005 2.
447 1944 528 2025 μίαν
549 1947 631 2008 ναῦν
655 1939 803 2015 αὐτοῖς
823 1938 1009 2006 οίπῦλεσαν.
1038 1935 1219 2000 Rectissime
1234 1935 1350 2022 Poppo,

230 2061 362 2142 negante
385 2055 542 2138 Kriigero,
566 2052 682 2138 recepit
705 2051 885 2117 deteriorum
909 2050 1044 2116 codicum
1067 2051 1230 2116 lectionem
1248 2057 1350 2120 αὐτοί.

229 2172 353 2237 Etenim
377 2192 526 2255 nusquam
549 2168 580 2232 iu
605 2173 670 2232 toto
693 2166 869 2253 Thucydide
893 2165 1015 2232 verbum
1034 2167 1217 2236 ἀπολλύναι
1234 2166 1274 2232 de
1290 2186 1352 2233 νιο-

229 2288 321 2355 vibata
354 2285 479 2372 ponitur
512 2306 566 2371 pro
599 2286 804 2370 διαφθείρειν
837 2281 889 2346 sed
918 2303 1036 2366 semper
1057 2303 1112 2366 pro
1137 2283 1340 2371 ἀποβάλλειν

227 2402 431 2468 Confirmatur
454 2422 573 2487 quoqne
597 2422 631 2465 ea
654 2398 738 2464 crisis
762 2401 779 2482 d
804 2400 824 2463 3
848 2395 945 2462 verbis
968 2400 1122 2485 ἑτέραν
1144 2408 1225 2467 ναῦν
1250 2399 1350 2465 α’πολ·

228 2521 330 2587 λείαοι.
365 2517 516 2582 voeabula
540 2525 606 2604 τῷν
630 2518 760 2601 α’νδρῷν
785 2514 1126 2601 οἷποκολνμβηοάντων
1148 2512 1289 2598 intelligo
1313 2511 1350 2576 de

226 2633 329 2698 nautis
352 2655 389 2697 ex
413 2654 505 2712 nave,
529 2653 620 2717 quam
644 2629 791 2694 amittunt
809 2628 1018 2693 Athenienses.
1043 2626 1184 2692 Ceterum
1202 2630 1349 2694 confiten-

227 2749 299 2813 dum
334 2754 381 2812 est
415 2747 514 2812 inesse
539 2746 610 2811 huie
633 2767 733 2810 rerum
757 2742 942 2829 expositioni
968 2742 1084 2828 aliquid
1108 2742 1240 2823 obscuri,
1258 2765 1348 2829 prop·

225 2870 307 2928 terea
342 2862 421 2947 quod
455 2863 536 2926 iuter
567 2884 599 2926 se
630 2882 764 2946 pugnare
794 2858 940 2923 videntur
974 2857 1063 2922 verba
1093 2867 1171 2937 ναῦς
1196 2865 1290 2937 ιιενὰς
1315 2865 1347 2923 et

225 2985 304 3068 χειρὶ
325 3016 368 3027 -·
386 2979 622 3069 ἐπιβληθείοῃ,
641 2976 720 3042 unde
741 2976 798 3040 hoc
821 2981 921 3038 tamen
945 2996 1085 3060 apparere
1109 2973 1228 3040 'videtur
1251 2982 1348 3053 κενὰς

224 3115 284 3159 uon
299 3094 404 3158 stricto
420 3116 510 3158 seusu
525 3089 760 3176 intelligendum
776 3111 849 3166 esse,
867 3088 920 3152 sed
937 3087 974 3152 ad
994 3088 1074 3153 solos
1088 3087 1257 3153 classiarios
1270 3089 1347 3153 refe-

223 3209 368 3290 rendum,
393 3217 427 3274 ut
451 3209 579 3294 remiges
602 3212 769 3291 nautasque
790 3205 822 3269 in
842 3205 881 3268 iis
901 3205 1045 3268 mansisse
1061 3211 1212 3290 putemus.
1237 3202 1345 3268 Classi-

223 3325 303 3389 arios
327 3347 389 3390 non
411 3324 524 3390 atatim
548 3322 673 3388 rediisse
694 3328 729 3385 ut
745 3319 872 3386 navibus
888 3322 951 3385 suis
968 3343 1057 3406 opem
1074 3321 1204 3399 ferrent,
1222 3325 1346 3406 apparet

223 3437 283 3504 fere
307 3462 323 3502 e
346 3438 561 3524 sequentihus:
587 3443 641 3504 καὶ
660 3443 740 3521 μετὰ
758 3445 851 3505 τοῦτο
869 3445 933 3506 τῶν
950 3441 1164 3526 Συρακοσίων
1179 3440 1343 3524 ἐσβάντοον

224 3563 288 3622 aad.
314 3592 357 3602 -
380 3552 428 3619 Ib.
453 3555 467 3637 λ
491 3555 510 3619 5
535 3552 572 3617 cf.
597 3551 634 3616 ad
658 3551 712 3615 ΙΙΙ
736 3555 753 3616 7
778 3551 795 3632 d
821 3553 849 3616 l.

264 3666 334 3752 Capi
370 3670 410 3733 26
444 3668 462 3751 d
494 3670 523 3732 2.
552 3669 746 3756 στενοχωρία
770 3665 799 3732 τ’
825 3670 858 3735 ἐν
885 3667 985 3753 ὀλίγῳ
1011 3668 1344 3752 στρατοπεδευο-

219 3785 364 3866 μένοις
398 3786 555 3866 ἐνίννετο.
601 3779 663 3843 Hic
687 3801 808 3865 quoque
834 3779 1035 3850 necessarium
1059 3779 1181 3844 videtur
1205 3786 1341 3869 ἐστρα-

220 3899 560 3984 τοπεδευμένοις
584 3908 613 3960 et
638 3917 729 3981 supra
753 3916 819 3979 cap.
845 3897 886 3960 23
911 3900 1007 3959 extu:
1032 3896 1293 3979 Πελοποννήσιοι
1312 3895 1342 3964 δ’

223 4017 258 4080 ἐν
282 4022 322 4099 τῇ
344 4018 465 4099 ἠπείρῳ
489 4012 936 4099 ἐστρατοπεδευμένοι
961 4030 1015 4094 pro
1035 4012 1343 4094 στρατοπεδευ-

222 4133 378 4212 όμενοι.
412 4125 491 4191 Vide
527 4126 596 4191 adn.
628 4125 665 4189 ad
699 4125 717 4188 I
747 4128 788 4190 62
816 4131 847 4188 et
869 4125 907 4190 cl.
931 4123 979 4188 IV
1002 4127 1066 4190 124
1094 4127 1111 4209 d
1137 4129 1171 4191 2:
1197 4133 1341 4214 εὑρόντες
1400 4171 1401 4176 1

224 4243 799 4329 ιὲντεστρατοπεδεομένοος.
836 4239 950 4304 Utrum
975 4241 1074 4306 aeuus
1095 4241 1135 4304 sit
1152 4240 1258 4306 dubito
1276 4244 1341 4308 125

225 4358 242 4439 ᾧ
271 4360 304 4423 2;
327 4365 463 4428 ἄπωθεν
491 4364 551 4445 γὰρ
576 4357 659 4423 πολι)
679 4358 827 4440 ἀλλήλοιν
845 4361 1233 4441 ἐστρατοπεδεύοντο,
1260 4358 1341 4423 Nam

224 4493 327 4536 sensus
351 4464 416 4537 esse
438 4472 557 4557 p'otest:
583 4477 694 4538 castro
713 4491 836 4558 ponere
858 4473 1015 4539 solebant.
1042 4509 1080 4520 -
1106 4473 1181 4537 Mox
1200 4476 1217 4559 t
1236 4476 1266 4538 4.
1285 4481 1339 4540 καὶ

223 4587 361 4673 μάλιστα
389 4586 447 4676 [aa]
474 4590 625 4665 Εἵλωτες.
664 4585 822 4650 Articulus
844 4587 872 4653 h.
899 4587 920 4653 l.
946 4587 1132 4654 commodius
1154 4587 1283 4658 abesset.
