3166 5230
716 509 779 582 145

184 705 255 769 sitio
279 713 514 787 πεισθῆναι
546 702 680 787 requiret
703 724 757 788 pro
782 711 939 770 πεῖσαι.
987 701 1047 766 Sed
1074 701 1201 766 fortasse
1226 709 1306 766 recte

184 817 307 904 Kriiger
330 817 421 882 verbe
449 826 557 885 πεῖσαι
581 819 657 884 τάδε
683 816 822 882 cancellis
846 815 1064 902 circumsepsit.
1111 815 1252 880 Ceterum
1269 815 1305 882 cf.

184 931 327 1011 Classen,
350 931 401 1018 qui
425 930 500 996 mihi
524 931 645 1016 quidem
669 931 794 996 minime
817 929 971 994 satisfacit.

227 1045 299 1131 Cap.
325 1049 366 1111 67
396 1048 410 1130 ᾗ
440 1047 469 1112 3.
508 1053 538 1114 οἱ
564 1049 598 1114 δὲ
631 1052 806 1136 πρεσβῦται
834 1047 1035 1132 λελειμμένοι
1068 1051 1138 1112 καί
1168 1049 1305 1115 οῖκίαι

185 1166 329 1247 ἐρῆμοι
353 1197 396 1210 -
421 1166 560 1230 ἱκετείαν
584 1171 768 1230 ποιοῦνται.
818 1159 926 1225 Audax
950 1152 1015 1227 decl·
1032 1161 1141 1244 μέσοο,
1167 1179 1221 1242 pro
1246 1179 1305 1243 quo

184 1273 292 1339 saltem
324 1281 500 1358 exspectes:
536 1281 591 1342 καί
621 1275 672 1358 [αἱ
703 1273 771 1358 Kx.)
806 1281 908 1343 οἰκίαι
943 1274 1085 1360 (αὐτῶν)
1119 1281 1240 1362 ἐρῆμοι,
1270 1272 1307 1340 c'o

185 1395 343 1454 commota
377 1389 525 1456 oratioue
556 1389 682 1454 fortasse
713 1412 774 1454 nou
806 1397 853 1454 ast
881 1388 1115 1454 sollicitandum.
1162 1387 1306 1474 Apprime

184 1509 288 1568 tamen
314 1502 461 1588 placeret:
488 1509 520 1572 οἱ
542 1506 591 1578 δέ,
617 1509 793 1593 πρεσβῦται
818 1506 1021 1590 λελειμμένοι
1049 1503 1136 1571 κατ’
1162 1507 1305 1582 οἰκίας

184 1625 382 1706 ἐρήμους,
408 1654 451 1669 -
475 1623 616 1688 ἱκετείαν
644 1628 829 1687 ποιοῦνται.

227 1734 301 1820 Peg.
325 1737 367 1800 46
381 1712 429 1798 ¹ad
452 1736 494 1800 68
523 1735 540 1816 d
568 1736 599 1798 4.
645 1732 879 1797 Praeferendum
912 1733 952 1796 sit
977 1740 1012 1796 ut
1042 1730 1138 1816 magis
1163 1729 1303 1794 Atticum

182 1851 360 1936 ἀτεράμων.
409 1847 454 1914 Iis
478 1869 555 1933 quoe
578 1846 617 1911 ad
640 1847 697 1912 hoc
721 1845 898 1911 vocabulum
919 1847 1137 1914 illustrandum
1154 1846 1247 1912 attuli
1270 1849 1314 1930 iu¹
1344 1835 1346 1842 ’

182 1955 280 2030 Amal.¹
297 1962 375 2030 Orit.
396 1985 426 2049 p.
451 1966 470 2030 6
495 1962 572 2028 adde
595 1964 677 2027 locos
702 1962 839 2027 Platonis
864 1962 959 2048 Legg.
984 1965 1048 2032 853
1076 1963 1104 2027 D
1129 1971 1159 2028 et
1184 1965 1250 2031 880
1266 1964 1301 2028 E.

183 2077 261 2142 Vide
285 2085 386 2143 tamen
412 2100 450 2142 au
475 2083 626 2163 expuncta
653 2098 789 2162 praepos.
818 2083 890 2165 περί
918 2077 1017 2143 leuius
1050 2077 1161 2164 corrigi
1188 2078 1302 2164 possit:

182 2194 295 2280 σχεδὸν
320 2194 354 2258 δέ
380 2221 411 2260 τι
436 2198 491 2260 καί
515 2198 550 2260 τό
573 2195 702 2276 ξιίμπαν
731 2193 967 2262 Πλαταιῶν
995 2199 1027 2261 οἱ
1044 2195 1301 2279 Λακεδαιμόνιοι

183 2311 282 2384 οὕτως
305 2310 679 2394 ἀποτετραμμένον
707 2313 871 2391 ἐγένοντο,
899 2313 935 2372 ut
961 2307 1056 2374 Thoe.
1089 2309 1203 2374 dixerit
1226 2314 1305 2380 a'rro·

182 2422 398 2508 τετραμμένος
429 2427 517 2501 τινός
548 2443 603 2506 pro
634 2441 769 2488 corrues
801 2421 842 2486 ob
876 2420 1006 2510 utiquo,
1045 2424 1303 2507 quemadmodum

94 2527 97 2533 ⁵
183 2539 398 2623 τετραμμένος
420 2545 498 2623 πρὸς
521 2565 598 2604 τινα
618 2535 769 2619 siguificat
783 2554 966 2623 propensus
988 2536 1024 2603 tu
1046 2537 1202 2628 aliquem.
1226 2538 1304 2603 Vide

183 2647 265 2714 VIII
288 2651 328 2716 92
354 2652 410 2736 §5
435 2657 515 2736 πρὸς
534 2657 608 2728 roric
629 2656 777 2738 ἑταίρους
793 2654 1023 2738 τετραμμένον.
1051 2651 1097 2716 (ll.
1114 2653 1149 2718 ΙΙ
1173 2657 1226 2721 40.
1255 2653 1305 2720 Ita

181 2768 526 2853 ἀποτετραμμένος
553 2765 676 2830 habebit
691 2766 752 2830 vim
776 2764 935 2846 adiectivi,
952 2774 987 2831 ut
1002 2773 1128 2852 apparet
1145 2790 1182 2832 ex
1198 2768 1303 2833 addito

183 2880 354 2961 ἐγένοντο,
380 2880 460 2966 quod
483 2904 545 2945 non
573 2862 648 2945 solet
678 2883 725 2965 (ut
753 2881 847 2967 ἦσαν)
871 2880 1092 2966 periphrastice'
1120 2882 1208 2968 iungi
1233 2905 1303 2948 cum

182 2993 361 3078 participiis.
407 2994 454 3060 Ib.
485 2998 503 3081 p
535 2999 555 3062 3
589 2996 663 3060 citra
694 2996 901 3060 necessitatem
937 2997 1054 3061 tentavi
1093 3000 1303 3087 ξονεπολιορ·

183 3117 312 3176 κοῦντο.

227 3219 298 3305 Cap.
319 3224 360 3289 70
378 3224 395 3310 ᾧ
412 3225 441 3290 3.
476 3223 691 3289 Scriberrdum:
720 3231 758 3302 ἐς
787 3233 826 3292 τὰ
847 3231 914 3311 ἱεροὶ
936 3231 1051 3294 ἱκετῶν
1073 3229 1302 3314 καθεζομένων

182 3358 237 3420 pro
265 3345 377 3425 πρός.
425 3336 609 3403 Constanter
634 3339 715 3404 enim
748 3340 897 3424 supplices
928 3340 1072 3406 dicuutur
1099 3349 1137 3420 ἐς
1170 3351 1210 3410 τὰ
1234 3349 1301 3431 ἱεροὶ

181 3457 213 3513 et
240 3457 308 3518 ἐπὶ
333 3456 406 3529 τούς
429 3457 554 3541 βωμούς
574 3457 645 3539 (τὴν
669 3457 793 3540 ἑστίαν)
819 3458 979 3535 καθίζειν.
1013 3455 1106 3520 Recte
1133 3480 1159 3522 v.
1182 3479 1206 3523 ο.
1232 3480 1302 3522 mox

183 3588 248 3651 cap.
274 3569 314 3633 75
344 3573 538 3649 καθίζουσιν
567 3575 605 3646 ἐς
630 3575 666 3637 τὸ
690 3577 873 3658 Διοσκόρων
899 3577 992 3658 ἱερὸν.
1041 3569 1088 3636 Of.
1114 3571 1131 3635 I
1157 3575 1199 3636 24
1222 3578 1300 3638 extr.

182 3688 213 3745 et
240 3680 363 3766 passim.

227 3793 300 3879 Gap.
330 3799 370 3860 77
398 3799 414 3882 p
444 3798 471 3860 1.
520 3795 667 3881 Copulam
699 3797 861 3863 deleverim
891 3805 961 3862 anta
996 3804 1237 3889 πεφοβημένοι,
1267 3808 1303 3867 ut

181 3909 287 3976 verba:
311 3914 530 4000 πεφοβημένοι
552 3949 596 3959 -
618 3913 777 3982 ἐπίπλοον
802 3911 919 3977 adiecta
943 3913 1007 3977 sint
1029 3913 1067 3978 ad
1091 3915 1301 4004 explicandum

182 4047 305 4091 causam
329 4035 384 4094 τοῦ
405 4033 601 4116 θορύβου.

225 4140 299 4226 Peg.
319 4143 361 4206 46
382 4141 420 4204 ad
446 4143 486 4208 78
513 4143 530 4224 d
553 4144 582 4206 2.
630 4140 743 4206 Sensus
766 4140 866 4206 enim:
899 4141 951 4226 qui
978 4143 1100 4209 stabant
1127 4144 1300 4223 adversio,

181 4277 243 4320 uon
266 4275 390 4343 prope,
413 4254 603 4341 Corcyraeos.

225 4366 297 4454 (lap.
324 4370 364 4436 79
389 4370 406 4452 ξ
431 4372 462 4434 2.
509 4368 583 4434 Delo
609 4377 645 4438 τὸ
673 4374 884 4459 ἀκρωτήριον.

222 4481 297 4567 Peg.
320 4485 363 4550 48
387 4481 427 4546 ad
451 4485 492 4549 82
509 4485 524 4568 d
542 4484 578 4570 5.
602 4482 648 4549 Of.
674 4484 766 4549 etiam
781 4485 818 4551 II
842 4487 884 4552 65
908 4487 922 4569 t
941 4488 972 4550 4.
1013 4486 1199 4554 Servandum
1220 4510 1302 4556 nunc

179 4597 283 4664 iudico
306 4600 491 4686 πλεονεξία.
519 4599 599 4665 Nem
622 4599 718 4665 fateor
741 4601 823 4667 iusto
839 4601 984 4670 audacius
1007 4625 1024 4672 e
1047 4603 1219 4672 coniectura
1235 4625 1301 4673 mea

1126 4721 1169 4814 10
