<?xml version="1.0" encoding="UTF-8"?>
<!DOCTYPE html PUBLIC "-//W3C//DTD XHTML 1.0 Transitional//EN"
    "http://www.w3.org/TR/xhtml1/DTD/xhtml1-transitional.dtd">
<html xmlns="http://www.w3.org/1999/xhtml" xml:lang="en" lang="en">
 <head>
  <title>
</title>
<meta http-equiv="Content-Type" content="text/html;charset=utf-8" />
  <meta name='ocr-system' content='tesseract 3.04.00' />
  <meta name='ocr-capabilities' content='ocr_page ocr_carea ocr_par ocr_line ocrx_word'/>
</head>
<body>
  <div class='ocr_page' id='page_1' title='image "./studiathucydide00herwgoog_0029.png"; bbox 0 0 3190 5232; ppageno 0'>
   <div class='ocr_carea' id='block_1_1' title="bbox 793 479 833 540">
    <p class='ocr_par' dir='ltr' id='par_1_1' title="bbox 793 479 833 540">
     <span class='ocr_line' id='line_1_1' title="bbox 793 479 833 540; baseline 0.05 -2"><span class='ocrx_word' id='word_1_1' title='bbox 793 479 833 540; x_wconf 88' lang='lat'><strong>16</strong></span> 
     </span>
    </p>
   </div>
   <div class='ocr_carea' id='block_1_2' title="bbox 249 651 1377 2471">
    <p class='ocr_par' dir='ltr' id='par_1_2' title="bbox 249 651 1377 2471">
     <span class='ocr_line' id='line_1_2' title="bbox 250 651 1374 758; baseline -0.004 -21"><span class='ocrx_word' id='word_1_2' title='bbox 250 672 457 758; x_wconf 71' lang='grc' dir='ltr'><strong><em>προσέφερον.</em></strong></span> <span class='ocrx_word' id='word_1_3' title='bbox 502 651 667 730; x_wconf 81' lang='lat' dir='ltr'><strong>Nihildum</strong></span> <span class='ocrx_word' id='word_1_4' title='bbox 688 665 814 728; x_wconf 76' lang='lat' dir='ltr'><strong>allatum</strong></span> <span class='ocrx_word' id='word_1_5' title='bbox 838 674 902 742; x_wconf 77' lang='lat' dir='ltr'><strong>est,</strong></span> <span class='ocrx_word' id='word_1_6' title='bbox 927 663 1007 727; x_wconf 81' lang='lat' dir='ltr'><strong>unde</strong></span> <span class='ocrx_word' id='word_1_7' title='bbox 1030 667 1225 730; x_wconf 79' lang='lat' dir='ltr'><strong>confirmetur</strong></span> <span class='ocrx_word' id='word_1_8' title='bbox 1247 672 1374 753; x_wconf 74' lang='grc' dir='ltr'><strong><em>ξυνειρ·</em></strong></span> 
     </span>
     <span class='ocr_line' id='line_1_3' title="bbox 250 779 1371 868; baseline -0.005 -15"><span class='ocrx_word' id='word_1_9' title='bbox 250 795 374 866; x_wconf 78' lang='grc' dir='ltr'><strong><em>νάσθαι</em></strong></span> <span class='ocrx_word' id='word_1_10' title='bbox 399 783 458 847; x_wconf 86' lang='lat' dir='ltr'><strong>dici</strong></span> <span class='ocrx_word' id='word_1_11' title='bbox 482 805 571 868; x_wconf 88' lang='lat' dir='ltr'><strong>posse</strong></span> <span class='ocrx_word' id='word_1_12' title='bbox 587 781 703 866; x_wconf 82' lang='lat' dir='ltr'><strong>lapides</strong></span> <span class='ocrx_word' id='word_1_13' title='bbox 725 779 774 844; x_wconf 84' lang='lat' dir='ltr'><strong>ita</strong></span> <span class='ocrx_word' id='word_1_14' title='bbox 799 779 1088 860; x_wconf 64' lang='lat' dir='ltr'><strong>accommanda</strong></span> <span class='ocrx_word' id='word_1_15' title='bbox 1114 781 1371 866; x_wconf 78' lang='lat' dir='ltr'><strong>interpretantur)</strong></span> 
     </span>
     <span class='ocr_line' id='line_1_4' title="bbox 250 893 1375 983; baseline -0.018 -17"><span class='ocrx_word' id='word_1_16' title='bbox 250 907 289 966; x_wconf 83' lang='lat' dir='ltr'><strong>ut</strong></span> <span class='ocrx_word' id='word_1_17' title='bbox 308 898 397 964; x_wconf 82' lang='lat' dir='ltr'><strong>alius</strong></span> <span class='ocrx_word' id='word_1_18' title='bbox 416 896 479 962; x_wconf 79' lang='lat' dir='ltr'><strong>ulii</strong></span> <span class='ocrx_word' id='word_1_19' title='bbox 498 903 597 983; x_wconf 81' lang='lat' dir='ltr'><strong>uptus</strong></span> <span class='ocrx_word' id='word_1_20' title='bbox 614 895 669 960; x_wconf 82' lang='lat' dir='ltr'><strong>sit.</strong></span> <span class='ocrx_word' id='word_1_21' title='bbox 697 893 856 977; x_wconf 84' lang='lat' dir='ltr'><strong>Suspicor:</strong></span> <span class='ocrx_word' id='word_1_22' title='bbox 880 897 1250 978; x_wconf 57' lang='grc' dir='ltr'><strong><em>ξυνηρμοσμέμωμ,</em></strong></span> <span class='ocrx_word' id='word_1_23' title='bbox 1298 895 1375 960; x_wconf 70' lang='lat'><strong>(201.</strong></span> 
     </span>
     <span class='ocr_line' id='line_1_5' title="bbox 251 1007 1376 1097; baseline 0.001 -20"><span class='ocrx_word' id='word_1_24' title='bbox 251 1013 386 1097; x_wconf 87' lang='lat' dir='ltr'><strong>ruptelae</strong></span> <span class='ocrx_word' id='word_1_25' title='bbox 408 1034 513 1076; x_wconf 89' lang='lat' dir='ltr'><strong>ansam</strong></span> <span class='ocrx_word' id='word_1_26' title='bbox 535 1009 621 1074; x_wconf 85' lang='lat' dir='ltr'><strong>dedit</strong></span> <span class='ocrx_word' id='word_1_27' title='bbox 643 1007 827 1092; x_wconf 88' lang='lat' dir='ltr'><strong>subsequens</strong></span> <span class='ocrx_word' id='word_1_28' title='bbox 850 1007 961 1092; x_wconf 86' lang='lat' dir='ltr'><strong>partie.</strong></span> <span class='ocrx_word' id='word_1_29' title='bbox 984 1011 1199 1095; x_wconf 75' lang='grc' dir='ltr'><strong><em>εἰργασμένοι.</em></strong></span> <span class='ocrx_word' id='word_1_30' title='bbox 1219 1010 1240 1078; x_wconf 92' lang='lat'>†</span> <span class='ocrx_word' id='word_1_31' title='bbox 1274 1010 1376 1088; x_wconf 76' lang='lat' dir='ltr'><strong>Quum</strong></span> 
     </span>
     <span class='ocr_line' id='line_1_6' title="bbox 249 1121 1376 1212; baseline -0.005 -20"><span class='ocrx_word' id='word_1_32' title='bbox 249 1137 356 1212; x_wconf 90' lang='lat' dir='ltr'><strong>aptum</strong></span> <span class='ocrx_word' id='word_1_33' title='bbox 388 1125 431 1189; x_wconf 91' lang='lat' dir='ltr'><strong>sit</strong></span> <span class='ocrx_word' id='word_1_34' title='bbox 461 1125 730 1210; x_wconf 79' lang='grc' dir='ltr'><strong><em>ξυνηρμοσμένων</em></strong></span> <span class='ocrx_word' id='word_1_35' title='bbox 765 1144 825 1207; x_wconf 91' lang='lat' dir='ltr'><strong>quo</strong></span> <span class='ocrx_word' id='word_1_36' title='bbox 857 1121 963 1185; x_wconf 90' lang='lat' dir='ltr'><strong>melius</strong></span> <span class='ocrx_word' id='word_1_37' title='bbox 991 1124 1145 1198; x_wconf 89' lang='lat' dir='ltr'><strong>sentiant,</strong></span> <span class='ocrx_word' id='word_1_38' title='bbox 1180 1125 1317 1188; x_wconf 88' lang='lat' dir='ltr'><strong>tironum</strong></span> <span class='ocrx_word' id='word_1_39' title='bbox 1342 1124 1376 1187; x_wconf 91' lang='lat' dir='ltr'><strong>iu</strong></span> 
     </span>
     <span class='ocr_line' id='line_1_7' title="bbox 251 1235 1374 1325; baseline -0.001 -20"><span class='ocrx_word' id='word_1_40' title='bbox 251 1241 383 1325; x_wconf 84' lang='lat' dir='ltr'><strong>gratiam</strong></span> <span class='ocrx_word' id='word_1_41' title='bbox 404 1261 555 1324; x_wconf 88' lang='lat' dir='ltr'><strong>apponam</strong></span> <span class='ocrx_word' id='word_1_42' title='bbox 576 1238 678 1301; x_wconf 87' lang='lat' dir='ltr'><strong>locum</strong></span> <span class='ocrx_word' id='word_1_43' title='bbox 699 1256 922 1300; x_wconf 73' lang='lat' dir='ltr'><strong>monacnum</strong></span> <span class='ocrx_word' id='word_1_44' title='bbox 944 1259 961 1299; x_wconf 91' lang='lat' dir='ltr'><strong>e</strong></span> <span class='ocrx_word' id='word_1_45' title='bbox 988 1235 1176 1322; x_wconf 73' lang='lat' dir='ltr'><strong>Cynopaedia</strong></span> <span class='ocrx_word' id='word_1_46' title='bbox 1192 1237 1228 1301; x_wconf 94' lang='grc' dir='ltr'>Π</span> <span class='ocrx_word' id='word_1_47' title='bbox 1254 1241 1308 1323; x_wconf 66' lang='lat' dir='ltr'><strong>lb</strong></span> <span class='ocrx_word' id='word_1_48' title='bbox 1332 1242 1374 1304; x_wconf 78' lang='lat'><strong>26</strong></span> 
     </span>
     <span class='ocr_line' id='line_1_8' title="bbox 251 1354 1373 1443; baseline -0.004 -21"><span class='ocrx_word' id='word_1_49' title='bbox 251 1360 357 1443; x_wconf 77' lang='grc' dir='ltr'><strong><em>ὥσπερ</em></strong></span> <span class='ocrx_word' id='word_1_50' title='bbox 384 1385 420 1437; x_wconf 77' lang='grc' dir='ltr'><strong><em>νε</em></strong></span> <span class='ocrx_word' id='word_1_51' title='bbox 440 1361 495 1420; x_wconf 77' lang='grc' dir='ltr'><strong>ταὶ</strong></span> <span class='ocrx_word' id='word_1_52' title='bbox 518 1357 622 1421; x_wconf 73' lang='grc' dir='ltr'><strong><em>λίθων</em></strong></span> <span class='ocrx_word' id='word_1_53' title='bbox 639 1359 695 1418; x_wconf 78' lang='grc' dir='ltr'><strong>καὶ</strong></span> <span class='ocrx_word' id='word_1_54' title='bbox 718 1354 822 1430; x_wconf 73' lang='grc' dir='ltr'><strong><em>ξύλων</em></strong></span> <span class='ocrx_word' id='word_1_55' title='bbox 846 1357 927 1420; x_wconf 81' lang='grc' dir='ltr'><strong><em>ἃῖτν</em></strong></span> <span class='ocrx_word' id='word_1_56' title='bbox 952 1354 1007 1438; x_wconf 77' lang='grc' dir='ltr'><strong>όὲῃ</strong></span> <span class='ocrx_word' id='word_1_57' title='bbox 1031 1366 1373 1438; x_wconf 71' lang='grc' dir='ltr'><strong><em>συναρμοσθῆναι,</em></strong></span> 
     </span>
     <span class='ocr_line' id='line_1_9' title="bbox 251 1467 1374 1554; baseline -0.002 -18"><span class='ocrx_word' id='word_1_58' title='bbox 251 1474 332 1547; x_wconf 79' lang='grc' dir='ltr'><strong><em>ἔστι,</em></strong></span> <span class='ocrx_word' id='word_1_59' title='bbox 357 1478 420 1538; x_wconf 71' lang='grc' dir='ltr'><strong><em>κᾶν</em></strong></span> <span class='ocrx_word' id='word_1_60' title='bbox 440 1476 584 1535; x_wconf 76' lang='grc' dir='ltr'><strong><em>ὁπωσοῦν</em></strong></span> <span class='ocrx_word' id='word_1_61' title='bbox 607 1467 878 1553; x_wconf 75' lang='grc' dir='ltr'><strong><em>καταβεβλημένα</em></strong></span> <span class='ocrx_word' id='word_1_62' title='bbox 903 1475 993 1554; x_wconf 73' lang='grc' dir='ltr'><strong><em>τύχῃ,</em></strong></span> <span class='ocrx_word' id='word_1_63' title='bbox 1020 1477 1265 1553; x_wconf 81' lang='grc' dir='ltr'><strong><em>συναρμόσαι</em></strong></span> <span class='ocrx_word' id='word_1_64' title='bbox 1290 1471 1374 1535; x_wconf 74' lang='grc' dir='ltr'><strong><em>αὐτὰ</em></strong></span> 
     </span>
     <span class='ocr_line' id='line_1_10' title="bbox 252 1579 1376 1670; baseline -0.006 -17"><span class='ocrx_word' id='word_1_65' title='bbox 252 1589 406 1662; x_wconf 72' lang='grc' dir='ltr'><strong><em>ιυπιτῶς,</em></strong></span> <span class='ocrx_word' id='word_1_66' title='bbox 427 1589 472 1649; x_wconf 75' lang='grc' dir='ltr'><strong><em>ἂν</em></strong></span> <span class='ocrx_word' id='word_1_67' title='bbox 502 1586 560 1670; x_wconf 77' lang='grc' dir='ltr'><strong>ἔχῃ</strong></span> <span class='ocrx_word' id='word_1_68' title='bbox 585 1584 791 1666; x_wconf 76' lang='grc' dir='ltr'><strong><em>γνωρίσματα</em></strong></span> <span class='ocrx_word' id='word_1_69' title='bbox 816 1587 883 1646; x_wconf 79' lang='grc' dir='ltr'><strong>κτὲ.</strong></span> <span class='ocrx_word' id='word_1_70' title='bbox 933 1579 1051 1661; x_wconf 85' lang='lat' dir='ltr'><strong>Deinde</strong></span> <span class='ocrx_word' id='word_1_71' title='bbox 1075 1581 1188 1646; x_wconf 83' lang='lat' dir='ltr'><strong>rectius</strong></span> <span class='ocrx_word' id='word_1_72' title='bbox 1215 1583 1249 1646; x_wconf 93' lang='lat' dir='ltr'><strong>in</strong></span> <span class='ocrx_word' id='word_1_73' title='bbox 1272 1584 1376 1668; x_wconf 83' lang='lat' dir='ltr'><strong>paucis</strong></span> 
     </span>
     <span class='ocr_line' id='line_1_11' title="bbox 252 1692 1375 1778; baseline -0.003 -16"><span class='ocrx_word' id='word_1_74' title='bbox 252 1697 338 1762; x_wconf 88' lang='lat' dir='ltr'><strong>libris</strong></span> <span class='ocrx_word' id='word_1_75' title='bbox 361 1697 572 1770; x_wconf 64' lang='lat' dir='ltr'><strong>estinanter,</strong></span> <span class='ocrx_word' id='word_1_76' title='bbox 589 1701 624 1756; x_wconf 94' lang='lat' dir='ltr'><strong>ut</strong></span> <span class='ocrx_word' id='word_1_77' title='bbox 648 1692 725 1776; x_wconf 85' lang='lat' dir='ltr'><strong>legit</strong></span> <span class='ocrx_word' id='word_1_78' title='bbox 739 1713 861 1778; x_wconf 90' lang='lat' dir='ltr'><strong>qnoque</strong></span> <span class='ocrx_word' id='word_1_79' title='bbox 878 1693 975 1759; x_wconf 86' lang='lat' dir='ltr'><strong>Valla.</strong></span> <span class='ocrx_word' id='word_1_80' title='bbox 1000 1694 1048 1759; x_wconf 84' lang='lat' dir='ltr'><strong>Of.</strong></span> <span class='ocrx_word' id='word_1_81' title='bbox 1065 1695 1110 1758; x_wconf 86' lang='lat' dir='ltr'><strong>IV</strong></span> <span class='ocrx_word' id='word_1_82' title='bbox 1127 1701 1149 1761; x_wconf 88' lang='lat'>4</span> <span class='ocrx_word' id='word_1_83' title='bbox 1171 1704 1214 1776; x_wconf 78' lang='grc' dir='ltr'><strong>ὡς</strong></span> <span class='ocrx_word' id='word_1_84' title='bbox 1239 1701 1375 1768; x_wconf 66' lang='grc' dir='ltr'><strong><em>ἕκαστόν</em></strong></span> 
     </span>
     <span class='ocr_line' id='line_1_12' title="bbox 253 1806 1375 1900; baseline 0.001 -22"><span class='ocrx_word' id='word_1_85' title='bbox 253 1840 285 1878; x_wconf 91' lang='grc' dir='ltr'><strong>τι</strong></span> <span class='ocrx_word' id='word_1_86' title='bbox 316 1813 501 1898; x_wconf 74' lang='grc' dir='ltr'><strong><em>ξυμβαίνοι.</em></strong></span> <span class='ocrx_word' id='word_1_87' title='bbox 547 1806 586 1871; x_wconf 88' lang='lat' dir='ltr'><strong>Iu</strong></span> <span class='ocrx_word' id='word_1_88' title='bbox 618 1807 764 1891; x_wconf 82' lang='lat' dir='ltr'><strong>proximis</strong></span> <span class='ocrx_word' id='word_1_89' title='bbox 791 1808 892 1872; x_wconf 83' lang='lat' dir='ltr'><strong>verbis</strong></span> <span class='ocrx_word' id='word_1_90' title='bbox 923 1813 1050 1894; x_wconf 69' lang='grc' dir='ltr'><strong><em>(μείζων</em></strong></span> <span class='ocrx_word' id='word_1_91' title='bbox 1075 1819 1136 1897; x_wconf 77' lang='grc' dir='ltr'><strong><em>γὰρ</em></strong></span> <span class='ocrx_word' id='word_1_92' title='bbox 1162 1819 1180 1878; x_wconf 90' lang='grc' dir='ltr'><strong><em>ό</em></strong></span> <span class='ocrx_word' id='word_1_93' title='bbox 1203 1816 1375 1900; x_wconf 79' lang='grc' dir='ltr'><strong><em>περίβολος</em></strong></span> 
     </span>
     <span class='ocr_line' id='line_1_13' title="bbox 252 1922 1376 2012; baseline -0.002 -19"><span class='ocrx_word' id='word_1_94' title='bbox 252 1937 405 2012; x_wconf 76' lang='grc' dir='ltr'><strong><em>πανταχῇ</em></strong></span> <span class='ocrx_word' id='word_1_95' title='bbox 432 1927 555 2009; x_wconf 67' lang='grc' dir='ltr'><strong><em>ἐξήχθη</em></strong></span> <span class='ocrx_word' id='word_1_96' title='bbox 578 1935 634 2006; x_wconf 77' lang='grc' dir='ltr'><strong>τῆς</strong></span> <span class='ocrx_word' id='word_1_97' title='bbox 660 1922 795 2007; x_wconf 80' lang='grc' dir='ltr'><strong><em>πόλεως)</em></strong></span> <span class='ocrx_word' id='word_1_98' title='bbox 821 1923 973 1987; x_wconf 82' lang='lat' dir='ltr'><strong>Aristides</strong></span> <span class='ocrx_word' id='word_1_99' title='bbox 1001 1925 1037 1988; x_wconf 88' lang='lat' dir='ltr'>H</span> <span class='ocrx_word' id='word_1_100' title='bbox 1057 1948 1086 2010; x_wconf 90' lang='lat' dir='ltr'><strong>p.</strong></span> <span class='ocrx_word' id='word_1_101' title='bbox 1110 1929 1174 1993; x_wconf 80' lang='lat'><strong>209</strong></span> <span class='ocrx_word' id='word_1_102' title='bbox 1202 1950 1265 1991; x_wconf 92' lang='lat' dir='ltr'><strong>non</strong></span> <span class='ocrx_word' id='word_1_103' title='bbox 1295 1928 1376 1991; x_wconf 87' lang='lat' dir='ltr'><strong>vide·</strong></span> 
     </span>
     <span class='ocr_line' id='line_1_14' title="bbox 253 2033 1377 2126; baseline 0.003 -23"><span class='ocrx_word' id='word_1_104' title='bbox 253 2053 305 2104; x_wconf 81' lang='lat' dir='ltr'><strong>tut</strong></span> <span class='ocrx_word' id='word_1_105' title='bbox 327 2038 437 2122; x_wconf 84' lang='lat' dir='ltr'><strong>legisse</strong></span> <span class='ocrx_word' id='word_1_106' title='bbox 460 2036 557 2101; x_wconf 88' lang='lat' dir='ltr'><strong>otiosa</strong></span> <span class='ocrx_word' id='word_1_107' title='bbox 579 2033 725 2100; x_wconf 83' lang='lat' dir='ltr'><strong>voeabula</strong></span> <span class='ocrx_word' id='word_1_108' title='bbox 744 2051 799 2119; x_wconf 72' lang='grc' dir='ltr'><strong>τῆς</strong></span> <span class='ocrx_word' id='word_1_109' title='bbox 823 2040 958 2115; x_wconf 75' lang='grc' dir='ltr'><strong><em>πόλεως,</em></strong></span> <span class='ocrx_word' id='word_1_110' title='bbox 974 2060 1061 2123; x_wconf 87' lang='lat' dir='ltr'><strong>qnae,</strong></span> <span class='ocrx_word' id='word_1_111' title='bbox 1078 2062 1171 2124; x_wconf 91' lang='lat' dir='ltr'><strong>quum</strong></span> <span class='ocrx_word' id='word_1_112' title='bbox 1195 2063 1249 2126; x_wconf 87' lang='lat' dir='ltr'><strong>per</strong></span> <span class='ocrx_word' id='word_1_113' title='bbox 1269 2041 1377 2106; x_wconf 86' lang='lat' dir='ltr'><strong>Gram-</strong></span> 
     </span>
     <span class='ocr_line' id='line_1_15' title="bbox 254 2150 1377 2244; baseline 0 -27"><span class='ocrx_word' id='word_1_114' title='bbox 254 2153 395 2218; x_wconf 86' lang='lat' dir='ltr'><strong>matieam</strong></span> <span class='ocrx_word' id='word_1_115' title='bbox 417 2151 550 2238; x_wconf 88' lang='lat' dir='ltr'><strong>pendere</strong></span> <span class='ocrx_word' id='word_1_116' title='bbox 573 2150 691 2234; x_wconf 82' lang='lat' dir='ltr'><strong>possint</strong></span> <span class='ocrx_word' id='word_1_117' title='bbox 714 2160 775 2214; x_wconf 88' lang='lat' dir='ltr'><strong>tam</strong></span> <span class='ocrx_word' id='word_1_118' title='bbox 799 2174 817 2214; x_wconf 90' lang='lat' dir='ltr'><strong>a</strong></span> <span class='ocrx_word' id='word_1_119' title='bbox 843 2157 961 2237; x_wconf 75' lang='grc' dir='ltr'><strong><em>μείζων</em></strong></span> <span class='ocrx_word' id='word_1_120' title='bbox 985 2163 1038 2217; x_wconf 89' lang='lat' dir='ltr'><strong>ant</strong></span> <span class='ocrx_word' id='word_1_121' title='bbox 1063 2177 1081 2216; x_wconf 90' lang='lat' dir='ltr'><strong>a</strong></span> <span class='ocrx_word' id='word_1_122' title='bbox 1107 2171 1260 2244; x_wconf 68' lang='grc' dir='ltr'><strong><em>πανταχῇ</em></strong></span> <span class='ocrx_word' id='word_1_123' title='bbox 1284 2179 1377 2241; x_wconf 87' lang='lat' dir='ltr'><strong>quam</strong></span> 
     </span>
     <span class='ocr_line' id='line_1_16' title="bbox 254 2263 1377 2355; baseline 0.004 -24"><span class='ocrx_word' id='word_1_124' title='bbox 254 2290 272 2331; x_wconf 89' lang='lat' dir='ltr'><strong>a</strong></span> <span class='ocrx_word' id='word_1_125' title='bbox 299 2268 486 2355; x_wconf 73' lang='grc' dir='ltr'><strong><em>περίβολος,</em></strong></span> <span class='ocrx_word' id='word_1_126' title='bbox 513 2263 669 2330; x_wconf 87' lang='lat' dir='ltr'><strong>obscuram</strong></span> <span class='ocrx_word' id='word_1_127' title='bbox 694 2266 798 2350; x_wconf 81' lang='lat' dir='ltr'><strong>potIus</strong></span> <span class='ocrx_word' id='word_1_128' title='bbox 820 2275 851 2330; x_wconf 91' lang='lat' dir='ltr'><strong>et</strong></span> <span class='ocrx_word' id='word_1_129' title='bbox 875 2266 1052 2353; x_wconf 81' lang='lat' dir='ltr'><strong>impeditam</strong></span> <span class='ocrx_word' id='word_1_130' title='bbox 1068 2290 1159 2353; x_wconf 85' lang='lat' dir='ltr'><strong>qnam</strong></span> <span class='ocrx_word' id='word_1_131' title='bbox 1178 2271 1291 2336; x_wconf 88' lang='lat' dir='ltr'><strong>claram</strong></span> <span class='ocrx_word' id='word_1_132' title='bbox 1311 2271 1377 2336; x_wconf 86' lang='lat' dir='ltr'><strong>red·</strong></span> 
     </span>
     <span class='ocr_line' id='line_1_17' title="bbox 255 2380 1375 2471; baseline 0.005 -23"><span class='ocrx_word' id='word_1_133' title='bbox 255 2384 334 2448; x_wconf 89' lang='lat' dir='ltr'><strong>dunt</strong></span> <span class='ocrx_word' id='word_1_134' title='bbox 359 2381 527 2446; x_wconf 83' lang='lat' dir='ltr'><strong>orationem</strong></span> <span class='ocrx_word' id='word_1_135' title='bbox 561 2380 676 2465; x_wconf 85' lang='lat' dir='ltr'><strong>absque</strong></span> <span class='ocrx_word' id='word_1_136' title='bbox 706 2381 745 2445; x_wconf 89' lang='lat' dir='ltr'><strong>iis</strong></span> <span class='ocrx_word' id='word_1_137' title='bbox 775 2380 965 2446; x_wconf 77' lang='lat' dir='ltr'><strong>facillimam.</strong></span> <span class='ocrx_word' id='word_1_138' title='bbox 991 2422 1036 2432; x_wconf 89' lang='lat'>—</span> <span class='ocrx_word' id='word_1_139' title='bbox 1066 2384 1114 2450; x_wconf 95' lang='lat' dir='ltr'><strong>Ib.</strong></span> <span class='ocrx_word' id='word_1_140' title='bbox 1142 2388 1159 2469; x_wconf 64' lang='lat' dir='ltr'><strong>b</strong></span> <span class='ocrx_word' id='word_1_141' title='bbox 1185 2390 1216 2452; x_wconf 77' lang='lat'><strong>2.</strong></span> <span class='ocrx_word' id='word_1_142' title='bbox 1243 2394 1296 2455; x_wconf 83' lang='grc' dir='ltr'><strong><em>ἐπὶ</em></strong></span> <span class='ocrx_word' id='word_1_143' title='bbox 1319 2399 1375 2471; x_wconf 79' lang='grc' dir='ltr'><strong>τῆς</strong></span> 
     </span>
    </p>
   </div>
   <div class='ocr_carea' id='block_1_3' title="bbox 255 2489 1375 2587">
    <p class='ocr_par' dir='ltr' id='par_1_3' title="bbox 255 2489 1375 2587">
     <span class='ocr_line' id='line_1_18' title="bbox 255 2489 1375 2587; baseline 0 -21"><span class='ocrx_word' id='word_1_144' title='bbox 255 2505 380 2566; x_wconf 81' lang='grc' dir='ltr'><strong><em>ιἰιιὶνου</em></strong></span> <span class='ocrx_word' id='word_1_145' title='bbox 402 2501 500 2585; x_wconf 69' lang='grc' dir='ltr'><strong><em>ἀρχῆς</em></strong></span> <span class='ocrx_word' id='word_1_146' title='bbox 529 2489 580 2581; x_wconf 76' lang='grc' dir='ltr'><strong>[ἧς</strong></span> <span class='ocrx_word' id='word_1_147' title='bbox 604 2494 674 2564; x_wconf 86' lang='grc' dir='ltr'><strong><em>κατ’</em></strong></span> <span class='ocrx_word' id='word_1_148' title='bbox 700 2502 852 2566; x_wconf 80' lang='grc' dir='ltr'><strong><em>ἐνιαυτόν</em></strong></span> <span class='ocrx_word' id='word_1_149' title='bbox 879 2495 1083 2586; x_wconf 77' lang='grc' dir='ltr'><strong><em>Ἀθηναίοις</em></strong></span> <span class='ocrx_word' id='word_1_150' title='bbox 1110 2500 1167 2587; x_wconf 78' lang='grc' dir='ltr'><strong><em>ἦρξ</em></strong></span> <span class='ocrx_word' id='word_1_151' title='bbox 1184 2505 1214 2586; x_wconf 86' lang='grc'><strong>].</strong></span> <span class='ocrx_word' id='word_1_152' title='bbox 1261 2502 1375 2586; x_wconf 80' lang='lat' dir='ltr'><strong>Arguit</strong></span> 
     </span>
    </p>
   </div>
   <div class='ocr_carea' id='block_1_4' title="bbox 252 2611 1375 3967">
    <p class='ocr_par' dir='ltr' id='par_1_4' title="bbox 252 2611 1375 3967">
     <span class='ocr_line' id='line_1_19' title="bbox 253 2611 1374 2702; baseline 0.003 -24"><span class='ocrx_word' id='word_1_153' title='bbox 253 2614 447 2698; x_wconf 83' lang='lat' dir='ltr'><strong>impostorem</strong></span> <span class='ocrx_word' id='word_1_154' title='bbox 472 2611 552 2676; x_wconf 89' lang='lat' dir='ltr'><strong>mala</strong></span> <span class='ocrx_word' id='word_1_155' title='bbox 575 2611 740 2676; x_wconf 88' lang='lat' dir='ltr'><strong>Graecitas.</strong></span> <span class='ocrx_word' id='word_1_156' title='bbox 785 2611 867 2676; x_wconf 90' lang='lat' dir='ltr'><strong>Nam</strong></span> <span class='ocrx_word' id='word_1_157' title='bbox 891 2614 962 2681; x_wconf 84' lang='grc' dir='ltr'><strong><em>κατ’</em></strong></span> <span class='ocrx_word' id='word_1_158' title='bbox 986 2621 1139 2682; x_wconf 80' lang='grc' dir='ltr'><strong><em>ἐνιαυτόν</em></strong></span> <span class='ocrx_word' id='word_1_159' title='bbox 1164 2624 1211 2678; x_wconf 90' lang='lat' dir='ltr'><strong>es&#39;t</strong></span> <span class='ocrx_word' id='word_1_160' title='bbox 1232 2615 1374 2702; x_wconf 72' lang='lat' dir='ltr'><strong>sinpnlia</strong></span> 
     </span>
     <span class='ocr_line' id='line_1_20' title="bbox 255 2721 1372 2817; baseline 0.001 -22"><span class='ocrx_word' id='word_1_161' title='bbox 255 2729 365 2808; x_wconf 82' lang='lat' dir='ltr'><strong>annis,</strong></span> <span class='ocrx_word' id='word_1_162' title='bbox 390 2727 576 2817; x_wconf 76' lang='lat' dir='ltr'><strong>quotannis.</strong></span> <span class='ocrx_word' id='word_1_163' title='bbox 611 2726 643 2789; x_wconf 86' lang='lat' dir='ltr'><strong>Si</strong></span> <span class='ocrx_word' id='word_1_164' title='bbox 666 2727 733 2811; x_wconf 90' lang='lat' dir='ltr'><strong>quis</strong></span> <span class='ocrx_word' id='word_1_165' title='bbox 756 2734 858 2791; x_wconf 89' lang='lat' dir='ltr'><strong>tamen</strong></span> <span class='ocrx_word' id='word_1_166' title='bbox 883 2727 990 2791; x_wconf 83' lang='lat' dir='ltr'><strong>verba:</strong></span> <span class='ocrx_word' id='word_1_167' title='bbox 1014 2721 1051 2812; x_wconf 78' lang='grc' dir='ltr'><strong>ἧς</strong></span> <span class='ocrx_word' id='word_1_168' title='bbox 1074 2725 1278 2815; x_wconf 76' lang='grc' dir='ltr'><strong><em>Ἀθηναίοις</em></strong></span> <span class='ocrx_word' id='word_1_169' title='bbox 1299 2729 1372 2816; x_wconf 76' lang='grc' dir='ltr'><strong><em>ἦρξε</em></strong></span> 
     </span>
     <span class='ocr_line' id='line_1_21' title="bbox 254 2840 1371 2931; baseline 0.004 -23"><span class='ocrx_word' id='word_1_170' title='bbox 254 2841 413 2908; x_wconf 86' lang='lat' dir='ltr'><strong>retinenda</strong></span> <span class='ocrx_word' id='word_1_171' title='bbox 429 2850 536 2926; x_wconf 93' lang='lat' dir='ltr'><strong>putat,</strong></span> <span class='ocrx_word' id='word_1_172' title='bbox 546 2864 600 2927; x_wconf 87' lang='lat' dir='ltr'><strong>per</strong></span> <span class='ocrx_word' id='word_1_173' title='bbox 612 2864 658 2905; x_wconf 93' lang='lat' dir='ltr'><strong>me</strong></span> <span class='ocrx_word' id='word_1_174' title='bbox 670 2840 782 2907; x_wconf 86' lang='lat' dir='ltr'><strong>licebit.</strong></span> <span class='ocrx_word' id='word_1_175' title='bbox 809 2840 846 2905; x_wconf 92' lang='lat' dir='ltr'><strong>In</strong></span> <span class='ocrx_word' id='word_1_176' title='bbox 861 2841 971 2906; x_wconf 82' lang='lat' dir='ltr'><strong>vicinia</strong></span> <span class='ocrx_word' id='word_1_177' title='bbox 983 2842 1090 2926; x_wconf 90' lang='lat' dir='ltr'><strong>supple</strong></span> <span class='ocrx_word' id='word_1_178' title='bbox 1101 2845 1185 2928; x_wconf 75' lang='grc' dir='ltr'><strong><em>μέγα</em></strong></span> <span class='ocrx_word' id='word_1_179' title='bbox 1198 2847 1371 2931; x_wconf 77' lang='grc' dir='ltr'><strong><em>προφέρειν</em></strong></span> 
     </span>
     <span class='ocr_line' id='line_1_22' title="bbox 254 2955 1372 3044; baseline -0.002 -22"><span class='ocrx_word' id='word_1_180' title='bbox 254 2963 333 3044; x_wconf 68' lang='grc' dir='ltr'><strong><em>(ἄν),</em></strong></span> <span class='ocrx_word' id='word_1_181' title='bbox 361 2958 387 3021; x_wconf 91' lang='lat' dir='ltr'><strong>si</strong></span> <span class='ocrx_word' id='word_1_182' title='bbox 404 2980 520 3022; x_wconf 89' lang='lat' dir='ltr'><strong>mecum</strong></span> <span class='ocrx_word' id='word_1_183' title='bbox 543 2958 635 3022; x_wconf 88' lang='lat' dir='ltr'><strong>fidem</strong></span> <span class='ocrx_word' id='word_1_184' title='bbox 650 2980 712 3022; x_wconf 89' lang='lat' dir='ltr'><strong>nou</strong></span> <span class='ocrx_word' id='word_1_185' title='bbox 727 2955 818 3021; x_wconf 90' lang='lat' dir='ltr'><strong>habes</strong></span> <span class='ocrx_word' id='word_1_186' title='bbox 834 2956 974 3040; x_wconf 89' lang='lat' dir='ltr'><strong>Popponi</strong></span> <span class='ocrx_word' id='word_1_187' title='bbox 990 2955 1007 3020; x_wconf 91' lang='lat' dir='ltr'>I</span> <span class='ocrx_word' id='word_1_188' title='bbox 1025 2960 1042 3021; x_wconf 91' lang='grc'>1</span> <span class='ocrx_word' id='word_1_189' title='bbox 1060 2979 1088 3040; x_wconf 87' lang='lat' dir='ltr'><strong>p.</strong></span> <span class='ocrx_word' id='word_1_190' title='bbox 1105 2958 1169 3022; x_wconf 83' lang='lat'><strong>154</strong></span> <span class='ocrx_word' id='word_1_191' title='bbox 1185 2957 1372 3022; x_wconf 86' lang='lat' dir='ltr'><strong>asseveranti</strong></span> 
     </span>
     <span class='ocr_line' id='line_1_23' title="bbox 253 3070 1373 3161; baseline 0 -21"><span class='ocrx_word' id='word_1_192' title='bbox 253 3072 488 3160; x_wconf 73' lang='lat' dir='ltr'><strong>neplipentiore</strong></span> <span class='ocrx_word' id='word_1_193' title='bbox 520 3092 666 3139; x_wconf 79' lang='lat' dir='ltr'><strong>sermone</strong></span> <span class='ocrx_word' id='word_1_194' title='bbox 695 3071 792 3138; x_wconf 83' lang='lat' dir='ltr'><strong>Tbnc.</strong></span> <span class='ocrx_word' id='word_1_195' title='bbox 824 3072 876 3138; x_wconf 79' lang='lat' dir='ltr'><strong>nti</strong></span> <span class='ocrx_word' id='word_1_196' title='bbox 903 3070 1078 3158; x_wconf 77' lang='lat' dir='ltr'><strong>Infinitive</strong></span> <span class='ocrx_word' id='word_1_197' title='bbox 1102 3074 1289 3160; x_wconf 78' lang='lat' dir='ltr'><strong>praesentis·</strong></span> <span class='ocrx_word' id='word_1_198' title='bbox 1308 3094 1373 3161; x_wconf 84' lang='lat' dir='ltr'><strong>pro</strong></span> 
     </span>
     <span class='ocr_line' id='line_1_24' title="bbox 252 3186 1372 3277; baseline -0.001 -22"><span class='ocrx_word' id='word_1_199' title='bbox 252 3188 362 3275; x_wconf 62' lang='lat' dir='ltr'><strong>{nturi</strong></span> <span class='ocrx_word' id='word_1_200' title='bbox 386 3186 579 3274; x_wconf 75' lang='lat' dir='ltr'><strong>Infint&#39;lino!</strong></span> <span class='ocrx_word' id='word_1_201' title='bbox 605 3225 649 3236; x_wconf 87' lang='lat'>-</span> <span class='ocrx_word' id='word_1_202' title='bbox 679 3187 726 3252; x_wconf 94' lang='lat' dir='ltr'><strong>Ib.</strong></span> <span class='ocrx_word' id='word_1_203' title='bbox 754 3190 819 3274; x_wconf 63' lang='lat' dir='ltr'><strong>§b</strong></span> <span class='ocrx_word' id='word_1_204' title='bbox 852 3190 1006 3277; x_wconf 81' lang='grc' dir='ltr'><strong><em>ἐπιβολὰς</em></strong></span> <span class='ocrx_word' id='word_1_205' title='bbox 1030 3197 1110 3252; x_wconf 81' lang='lat' dir='ltr'><strong>reete</strong></span> <span class='ocrx_word' id='word_1_206' title='bbox 1133 3189 1257 3273; x_wconf 89' lang='lat' dir='ltr'><strong>qnidam</strong></span> <span class='ocrx_word' id='word_1_207' title='bbox 1285 3189 1372 3255; x_wconf 86' lang='lat' dir='ltr'><strong>codd.</strong></span> 
     </span>
     <span class='ocr_line' id='line_1_25' title="bbox 253 3301 1372 3392; baseline -0.001 -22"><span class='ocrx_word' id='word_1_208' title='bbox 253 3326 307 3390; x_wconf 88' lang='lat' dir='ltr'><strong>pro</strong></span> <span class='ocrx_word' id='word_1_209' title='bbox 331 3304 524 3392; x_wconf 73' lang='grc' dir='ltr'><strong><em>ἐπιβουλάς,</em></strong></span> <span class='ocrx_word' id='word_1_210' title='bbox 549 3301 629 3387; x_wconf 91' lang='lat' dir='ltr'><strong>quod</strong></span> <span class='ocrx_word' id='word_1_211' title='bbox 654 3303 700 3366; x_wconf 91' lang='lat' dir='ltr'><strong>vel</strong></span> <span class='ocrx_word' id='word_1_212' title='bbox 723 3302 761 3367; x_wconf 89' lang='lat' dir='ltr'><strong>de</strong></span> <span class='ocrx_word' id='word_1_213' title='bbox 784 3303 957 3368; x_wconf 86' lang='lat' dir='ltr'><strong>coniectura</strong></span> <span class='ocrx_word' id='word_1_214' title='bbox 979 3303 1077 3368; x_wconf 84' lang='lat' dir='ltr'><strong>luerat</strong></span> <span class='ocrx_word' id='word_1_215' title='bbox 1101 3305 1292 3370; x_wconf 88' lang='lat' dir='ltr'><strong>mutandum.</strong></span> <span class='ocrx_word' id='word_1_216' title='bbox 1329 3306 1372 3370; x_wconf 79' lang='lat' dir='ltr'><strong>Bt</strong></span> 
     </span>
     <span class='ocr_line' id='line_1_26' title="bbox 253 3417 1373 3505; baseline 0 -24"><span class='ocrx_word' id='word_1_217' title='bbox 253 3417 334 3482; x_wconf 89' lang='lat' dir='ltr'><strong>enim</strong></span> <span class='ocrx_word' id='word_1_218' title='bbox 365 3425 467 3481; x_wconf 88' lang='lat' dir='ltr'><strong>eontra</strong></span> <span class='ocrx_word' id='word_1_219' title='bbox 498 3417 630 3481; x_wconf 89' lang='lat' dir='ltr'><strong>hostium</strong></span> <span class='ocrx_word' id='word_1_220' title='bbox 660 3419 838 3505; x_wconf 79' lang='grc' dir='ltr'><strong><em>ἐπιβουλάς</em></strong></span> <span class='ocrx_word' id='word_1_221' title='bbox 866 3418 980 3482; x_wconf 89' lang='lat' dir='ltr'><strong>unllam</strong></span> <span class='ocrx_word' id='word_1_222' title='bbox 1009 3417 1113 3483; x_wconf 87' lang='lat' dir='ltr'><strong>urbem</strong></span> <span class='ocrx_word' id='word_1_223' title='bbox 1142 3440 1274 3502; x_wconf 87' lang='lat' dir='ltr'><strong>unquam</strong></span> <span class='ocrx_word' id='word_1_224' title='bbox 1301 3419 1373 3483; x_wconf 88' lang='lat' dir='ltr'><strong>satis</strong></span> 
     </span>
     <span class='ocr_line' id='line_1_27' title="bbox 254 3530 1373 3621; baseline 0.002 -25"><span class='ocrx_word' id='word_1_225' title='bbox 254 3531 404 3596; x_wconf 88' lang='lat' dir='ltr'><strong>munitam</strong></span> <span class='ocrx_word' id='word_1_226' title='bbox 439 3553 503 3596; x_wconf 87' lang='lat' dir='ltr'><strong>esse</strong></span> <span class='ocrx_word' id='word_1_227' title='bbox 538 3530 664 3596; x_wconf 86' lang='lat' dir='ltr'><strong>historia</strong></span> <span class='ocrx_word' id='word_1_228' title='bbox 698 3531 787 3596; x_wconf 87' lang='lat' dir='ltr'><strong>docet</strong></span> <span class='ocrx_word' id='word_1_229' title='bbox 820 3533 926 3597; x_wconf 90' lang='lat' dir='ltr'><strong>multis</strong></span> <span class='ocrx_word' id='word_1_230' title='bbox 960 3541 992 3598; x_wconf 92' lang='lat' dir='ltr'><strong>et</strong></span> <span class='ocrx_word' id='word_1_231' title='bbox 1021 3535 1182 3618; x_wconf 86' lang='lat' dir='ltr'><strong>praeclaris</strong></span> <span class='ocrx_word' id='word_1_232' title='bbox 1217 3536 1373 3621; x_wconf 85' lang='lat' dir='ltr'><strong>exemplis.</strong></span> 
     </span>
     <span class='ocr_line' id='line_1_28' title="bbox 256 3646 1374 3738; baseline 0.004 -26"><span class='ocrx_word' id='word_1_233' title='bbox 256 3646 453 3733; x_wconf 83' lang='lat' dir='ltr'><strong>Procopium,</strong></span> <span class='ocrx_word' id='word_1_234' title='bbox 487 3669 575 3733; x_wconf 90' lang='lat' dir='ltr'><strong>quem</strong></span> <span class='ocrx_word' id='word_1_235' title='bbox 607 3646 713 3712; x_wconf 90' lang='lat' dir='ltr'><strong>laudat</strong></span> <span class='ocrx_word' id='word_1_236' title='bbox 735 3647 806 3726; x_wconf 88' lang='lat' dir='ltr'><strong>Kr.‚</strong></span> <span class='ocrx_word' id='word_1_237' title='bbox 836 3647 947 3733; x_wconf 85' lang='lat' dir='ltr'><strong>legisse</strong></span> <span class='ocrx_word' id='word_1_238' title='bbox 969 3653 1144 3738; x_wconf 77' lang='grc' dir='ltr'><strong><em>ἐπιβουλὰς</em></strong></span> <span class='ocrx_word' id='word_1_239' title='bbox 1167 3651 1236 3714; x_wconf 86' lang='lat' dir='ltr'><strong>ideo</strong></span> <span class='ocrx_word' id='word_1_240' title='bbox 1260 3658 1374 3716; x_wconf 89' lang='lat' dir='ltr'><strong>eertum</strong></span> 
     </span>
     <span class='ocr_line' id='line_1_29' title="bbox 254 3763 1375 3850; baseline -0.002 -20"><span class='ocrx_word' id='word_1_241' title='bbox 254 3789 316 3830; x_wconf 91' lang='lat' dir='ltr'><strong>non</strong></span> <span class='ocrx_word' id='word_1_242' title='bbox 341 3773 402 3844; x_wconf 89' lang='lat' dir='ltr'><strong>est,</strong></span> <span class='ocrx_word' id='word_1_243' title='bbox 429 3763 510 3850; x_wconf 90' lang='lat' dir='ltr'><strong>quod</strong></span> <span class='ocrx_word' id='word_1_244' title='bbox 533 3763 566 3827; x_wconf 89' lang='lat' dir='ltr'><strong>iu</strong></span> <span class='ocrx_word' id='word_1_245' title='bbox 590 3763 684 3847; x_wconf 87' lang='lat' dir='ltr'><strong>ipsius</strong></span> <span class='ocrx_word' id='word_1_246' title='bbox 705 3763 860 3828; x_wconf 85' lang='lat' dir='ltr'><strong>codicibus</strong></span> <span class='ocrx_word' id='word_1_247' title='bbox 879 3764 983 3828; x_wconf 86' lang='lat' dir='ltr'><strong>eadem</strong></span> <span class='ocrx_word' id='word_1_248' title='bbox 1000 3765 1246 3848; x_wconf 86' lang='lat' dir='ltr'><strong>frequentissima</strong></span> <span class='ocrx_word' id='word_1_249' title='bbox 1264 3764 1375 3829; x_wconf 85' lang='lat' dir='ltr'><strong>utrius-</strong></span> 
     </span>
     <span class='ocr_line' id='line_1_30' title="bbox 254 3877 1136 3967; baseline -0.003 -22"><span class='ocrx_word' id='word_1_250' title='bbox 254 3903 311 3967; x_wconf 90' lang='lat' dir='ltr'><strong>que</strong></span> <span class='ocrx_word' id='word_1_251' title='bbox 336 3879 473 3945; x_wconf 87' lang='lat' dir='ltr'><strong>vocabuli</strong></span> <span class='ocrx_word' id='word_1_252' title='bbox 497 3877 634 3944; x_wconf 85' lang='lat' dir='ltr'><strong>confusio</strong></span> <span class='ocrx_word' id='word_1_253' title='bbox 657 3879 759 3943; x_wconf 88' lang='lat' dir='ltr'><strong>locum</strong></span> <span class='ocrx_word' id='word_1_254' title='bbox 782 3879 893 3944; x_wconf 81' lang='lat' dir='ltr'><strong>babere</strong></span> <span class='ocrx_word' id='word_1_255' title='bbox 915 3878 1002 3942; x_wconf 89' lang='lat' dir='ltr'><strong>facile</strong></span> <span class='ocrx_word' id='word_1_256' title='bbox 1024 3879 1136 3962; x_wconf 91' lang='lat' dir='ltr'><strong>potuit.</strong></span> 
     </span>
    </p>
   </div>
   <div class='ocr_carea' id='block_1_5' title="bbox 298 3995 1477 4082">
    <p class='ocr_par' dir='ltr' id='par_1_5' title="bbox 298 3995 1477 4082">
     <span class='ocr_line' id='line_1_31' title="bbox 298 3995 1477 4082; baseline 0 -22"><span class='ocrx_word' id='word_1_257' title='bbox 298 3995 369 4082; x_wconf 82' lang='lat' dir='ltr'><strong>Cap.</strong></span> <span class='ocrx_word' id='word_1_258' title='bbox 400 3997 440 4063; x_wconf 79' lang='lat'><strong>95</strong></span> <span class='ocrx_word' id='word_1_259' title='bbox 469 4003 548 4061; x_wconf 79' lang='lat' dir='ltr'><strong>eutr.</strong></span> <span class='ocrx_word' id='word_1_260' title='bbox 576 4002 631 4064; x_wconf 78' lang='lat' dir='ltr'><strong>nel</strong></span> <span class='ocrx_word' id='word_1_261' title='bbox 659 3999 766 4082; x_wconf 82' lang='grc' dir='ltr'><strong><em>σφίσιν</em></strong></span> <span class='ocrx_word' id='word_1_262' title='bbox 799 4001 838 4063; x_wconf 83' lang='grc' dir='ltr'><strong><em>ἐν</em></strong></span> <span class='ocrx_word' id='word_1_263' title='bbox 872 4006 920 4080; x_wconf 69' lang='lat' dir='ltr'><strong>tq]</strong></span> <span class='ocrx_word' id='word_1_264' title='bbox 957 4001 1038 4062; x_wconf 74' lang='lat' dir='ltr'><strong>ross</strong></span> <span class='ocrx_word' id='word_1_265' title='bbox 1071 4000 1234 4079; x_wconf 84' lang='grc' dir='ltr'><strong><em>παρόντι</em></strong></span> <span class='ocrx_word' id='word_1_266' title='bbox 1267 3998 1374 4080; x_wconf 81' lang='grc' dir='ltr'><strong><em>ἐπιτη·</em></strong></span> <span class='ocrx_word' id='word_1_267' title='bbox 1475 4007 1477 4009; x_wconf 82' lang='grc'><strong>’</strong></span> 
     </span>
    </p>
   </div>
   <div class='ocr_carea' id='block_1_6' title="bbox 252 4107 1450 4656">
    <p class='ocr_par' dir='ltr' id='par_1_6' title="bbox 252 4107 1450 4656">
     <span class='ocr_line' id='line_1_32' title="bbox 254 4107 1450 4194; baseline -0.006 -16"><span class='ocrx_word' id='word_1_268' title='bbox 254 4114 367 4188; x_wconf 74' lang='grc' dir='ltr'><strong><em>δείους.</em></strong></span> <span class='ocrx_word' id='word_1_269' title='bbox 426 4110 498 4175; x_wconf 92' lang='lat' dir='ltr'><strong>Nou</strong></span> <span class='ocrx_word' id='word_1_270' title='bbox 538 4110 611 4174; x_wconf 86' lang='lat' dir='ltr'><strong>satis</strong></span> <span class='ocrx_word' id='word_1_271' title='bbox 643 4133 747 4174; x_wconf 87' lang='lat' dir='ltr'><strong>causae</strong></span> <span class='ocrx_word' id='word_1_272' title='bbox 776 4118 822 4173; x_wconf 83' lang='lat' dir='ltr'><strong>est</strong></span> <span class='ocrx_word' id='word_1_273' title='bbox 854 4131 905 4174; x_wconf 87' lang='lat' dir='ltr'><strong>our</strong></span> <span class='ocrx_word' id='word_1_274' title='bbox 938 4131 1005 4172; x_wconf 87' lang='lat' dir='ltr'><strong>cnm</strong></span> <span class='ocrx_word' id='word_1_275' title='bbox 1033 4107 1174 4191; x_wconf 81' lang='lat' dir='ltr'><strong>Kriigero</strong></span> <span class='ocrx_word' id='word_1_276' title='bbox 1198 4115 1373 4194; x_wconf 87' lang='lat' dir='ltr'><strong>suspectum</strong></span> <span class='ocrx_word' id='word_1_277' title='bbox 1445 4170 1450 4182; x_wconf 77' lang='grc'><strong><em>,</em></strong></span> 
     </span>
     <span class='ocr_line' id='line_1_33' title="bbox 253 4222 1375 4314; baseline -0.002 -24"><span class='ocrx_word' id='word_1_278' title='bbox 253 4225 415 4290; x_wconf 88' lang='lat' dir='ltr'><strong>habeamus</strong></span> <span class='ocrx_word' id='word_1_279' title='bbox 448 4222 627 4289; x_wconf 86' lang='lat' dir='ltr'><strong>vocabulum</strong></span> <span class='ocrx_word' id='word_1_280' title='bbox 659 4233 819 4314; x_wconf 86' lang='grc' dir='ltr'><strong><em>παρόντι,</em></strong></span> <span class='ocrx_word' id='word_1_281' title='bbox 851 4224 932 4309; x_wconf 91' lang='lat' dir='ltr'><strong>quod</strong></span> <span class='ocrx_word' id='word_1_282' title='bbox 965 4231 995 4288; x_wconf 91' lang='lat' dir='ltr'><strong>et</strong></span> <span class='ocrx_word' id='word_1_283' title='bbox 1029 4222 1203 4288; x_wconf 82' lang='lat' dir='ltr'><strong>defenditur</strong></span> <span class='ocrx_word' id='word_1_284' title='bbox 1235 4224 1375 4308; x_wconf 83' lang='lat' dir='ltr'><strong>analogia</strong></span> 
     </span>
     <span class='ocr_line' id='line_1_34' title="bbox 252 4338 1374 4426; baseline 0.001 -23"><span class='ocrx_word' id='word_1_285' title='bbox 252 4338 516 4423; x_wconf 79' lang='lat' dir='ltr'><strong>frequentissimae</strong></span> <span class='ocrx_word' id='word_1_286' title='bbox 547 4338 692 4403; x_wconf 85' lang='lat' dir='ltr'><strong>formulae</strong></span> <span class='ocrx_word' id='word_1_287' title='bbox 724 4346 759 4408; x_wconf 81' lang='grc' dir='ltr'><strong><em>ἐν</em></strong></span> <span class='ocrx_word' id='word_1_288' title='bbox 791 4350 835 4425; x_wconf 75' lang='grc' dir='ltr'><strong>τῲ</strong></span> <span class='ocrx_word' id='word_1_289' title='bbox 872 4352 930 4408; x_wconf 82' lang='grc' dir='ltr'><strong>νόν</strong></span> <span class='ocrx_word' id='word_1_290' title='bbox 963 4346 1101 4426; x_wconf 84' lang='grc' dir='ltr'><strong><em>παρόντι</em></strong></span> <span class='ocrx_word' id='word_1_291' title='bbox 1134 4347 1166 4403; x_wconf 87' lang='lat' dir='ltr'><strong>et</strong></span> <span class='ocrx_word' id='word_1_292' title='bbox 1199 4339 1374 4404; x_wconf 90' lang='lat' dir='ltr'><strong>testimonio</strong></span> 
     </span>
     <span class='ocr_line' id='line_1_35' title="bbox 254 4451 1374 4540; baseline -0.001 -22"><span class='ocrx_word' id='word_1_293' title='bbox 254 4454 364 4519; x_wconf 89' lang='lat' dir='ltr'><strong>Dionis</strong></span> <span class='ocrx_word' id='word_1_294' title='bbox 381 4453 491 4530; x_wconf 83' lang='lat' dir='ltr'><strong>Cassii,</strong></span> <span class='ocrx_word' id='word_1_295' title='bbox 512 4454 565 4539; x_wconf 89' lang='lat' dir='ltr'><strong>qni</strong></span> <span class='ocrx_word' id='word_1_296' title='bbox 587 4461 718 4538; x_wconf 88' lang='lat' dir='ltr'><strong>quatuor</strong></span> <span class='ocrx_word' id='word_1_297' title='bbox 737 4454 898 4540; x_wconf 83' lang='lat' dir='ltr'><strong>minimum</strong></span> <span class='ocrx_word' id='word_1_298' title='bbox 918 4453 992 4517; x_wconf 87' lang='lat' dir='ltr'><strong>locis</strong></span> <span class='ocrx_word' id='word_1_299' title='bbox 1008 4452 1114 4517; x_wconf 86' lang='lat' dir='ltr'>XLIV</span> <span class='ocrx_word' id='word_1_300' title='bbox 1130 4455 1183 4532; x_wconf 82' lang='lat'><strong>51,</strong></span> <span class='ocrx_word' id='word_1_301' title='bbox 1202 4451 1228 4516; x_wconf 89' lang='lat' dir='ltr'>L</span> <span class='ocrx_word' id='word_1_302' title='bbox 1245 4455 1276 4532; x_wconf 85' lang='lat'><strong>8,</strong></span> <span class='ocrx_word' id='word_1_303' title='bbox 1288 4453 1374 4535; x_wconf 85' lang='lat' dir='ltr'><strong>(haee</strong></span> 
     </span>
     <span class='ocr_line' id='line_1_36' title="bbox 256 4567 1438 4656; baseline -0.004 -21"><span class='ocrx_word' id='word_1_304' title='bbox 256 4568 316 4636; x_wconf 89' lang='lat' dir='ltr'><strong>duo</strong></span> <span class='ocrx_word' id='word_1_305' title='bbox 338 4568 399 4633; x_wconf 90' lang='lat' dir='ltr'><strong>iam</strong></span> <span class='ocrx_word' id='word_1_306' title='bbox 422 4592 439 4632; x_wconf 86' lang='lat' dir='ltr'><strong>a</strong></span> <span class='ocrx_word' id='word_1_307' title='bbox 462 4567 605 4654; x_wconf 82' lang='lat' dir='ltr'><strong>Kriigero</strong></span> <span class='ocrx_word' id='word_1_308' title='bbox 628 4568 752 4633; x_wconf 86' lang='lat' dir='ltr'><strong>laudata</strong></span> <span class='ocrx_word' id='word_1_309' title='bbox 777 4592 841 4633; x_wconf 86' lang='lat' dir='ltr'><strong>esse</strong></span> <span class='ocrx_word' id='word_1_310' title='bbox 866 4567 1088 4655; x_wconf 85' lang='lat' dir='ltr'><strong>animadverto)</strong></span> <span class='ocrx_word' id='word_1_311' title='bbox 1113 4567 1194 4633; x_wconf 85' lang='lat' dir='ltr'>LIII</span> <span class='ocrx_word' id='word_1_312' title='bbox 1218 4572 1235 4632; x_wconf 88' lang='lat'>1</span> <span class='ocrx_word' id='word_1_313' title='bbox 1260 4569 1277 4656; x_wconf 62' lang='lat' dir='ltr'><strong>b</strong></span> <span class='ocrx_word' id='word_1_314' title='bbox 1301 4569 1320 4633; x_wconf 87' lang='lat'><strong>3</strong></span> <span class='ocrx_word' id='word_1_315' title='bbox 1344 4573 1375 4631; x_wconf 91' lang='lat' dir='ltr'><strong>et</strong></span> <span class='ocrx_word' id='word_1_316' title='bbox 1435 4569 1438 4576; x_wconf 86' lang='grc'><strong><em>’</em></strong></span> 
     </span>
    </p>
   </div>
   <div class='ocr_carea' id='block_1_7' title="bbox 0 0 1608 5232">
    <p class='ocr_par' dir='ltr' id='par_1_7' title="bbox 0 0 1608 5232">
     <span class='ocr_line' id='line_1_37' title="bbox 0 0 1608 5232; baseline 0 0"><span class='ocrx_word' id='word_1_317' title='bbox 0 0 1608 5232; x_wconf 95' lang='lat' dir='ltr'><strong> </strong></span> 
     </span>
    </p>
   </div>
  </div>
 </body>
</html>
