<?xml version="1.0" encoding="UTF-8"?>
<!DOCTYPE html PUBLIC "-//W3C//DTD XHTML 1.0 Transitional//EN"
    "http://www.w3.org/TR/xhtml1/DTD/xhtml1-transitional.dtd">
<html xmlns="http://www.w3.org/1999/xhtml" xml:lang="en" lang="en">
 <head>
  <title>
</title>
<meta http-equiv="Content-Type" content="text/html;charset=utf-8" />
  <meta name='ocr-system' content='tesseract 3.04.00' />
  <meta name='ocr-capabilities' content='ocr_page ocr_carea ocr_par ocr_line ocrx_word'/>
</head>
<body>
  <div class='ocr_page' id='page_1' title='image "./studiathucydide00herwgoog_0053.png"; bbox 0 0 3190 5232; ppageno 0'>
   <div class='ocr_carea' id='block_1_1' title="bbox 824 467 868 534">
    <p class='ocr_par' dir='ltr' id='par_1_1' title="bbox 824 467 868 534">
     <span class='ocr_line' id='line_1_1' title="bbox 824 467 868 534; baseline 0.045 -2"><span class='ocrx_word' id='word_1_1' title='bbox 824 467 868 534; x_wconf 88' lang='grc'>40</span> 
     </span>
    </p>
   </div>
   <div class='ocr_carea' id='block_1_2' title="bbox 281 652 1405 969">
    <p class='ocr_par' dir='ltr' id='par_1_2' title="bbox 281 652 1405 969">
     <span class='ocr_line' id='line_1_2' title="bbox 281 652 1403 744; baseline -0.001 -21"><span class='ocrx_word' id='word_1_2' title='bbox 281 657 333 744; x_wconf 89' lang='lat' dir='ltr'>qui</span> <span class='ocrx_word' id='word_1_3' title='bbox 358 679 477 722; x_wconf 88' lang='lat' dir='ltr'>murum</span> <span class='ocrx_word' id='word_1_4' title='bbox 501 656 562 720; x_wconf 90' lang='lat' dir='ltr'>iam</span> <span class='ocrx_word' id='word_1_5' title='bbox 587 653 837 731; x_wconf 84' lang='lat' dir='ltr'>conscenderant,</span> <span class='ocrx_word' id='word_1_6' title='bbox 866 659 930 718; x_wconf 89' lang='lat' dir='ltr'>tarn</span> <span class='ocrx_word' id='word_1_7' title='bbox 953 653 992 731; x_wconf 90' lang='lat' dir='ltr'>ii,</span> <span class='ocrx_word' id='word_1_8' title='bbox 1016 652 1069 738; x_wconf 90' lang='lat' dir='ltr'>qui</span> <span class='ocrx_word' id='word_1_9' title='bbox 1093 664 1311 741; x_wconf 86' lang='lat' dir='ltr'>occupaverant</span> <span class='ocrx_word' id='word_1_10' title='bbox 1335 664 1403 723; x_wconf 89' lang='lat' dir='ltr'>tur-</span> 
     </span>
     <span class='ocr_line' id='line_1_3' title="bbox 283 768 1402 857; baseline -0.002 -19"><span class='ocrx_word' id='word_1_11' title='bbox 283 796 328 838; x_wconf 86' lang='lat' dir='ltr'>res</span> <span class='ocrx_word' id='word_1_12' title='bbox 355 779 386 834; x_wconf 88' lang='lat' dir='ltr'>et</span> <span class='ocrx_word' id='word_1_13' title='bbox 409 772 479 835; x_wconf 87' lang='lat' dir='ltr'>iude</span> <span class='ocrx_word' id='word_1_14' title='bbox 501 780 633 839; x_wconf 83' lang='grc' dir='ltr'><strong><em>άνιοθεν</em></strong></span> <span class='ocrx_word' id='word_1_15' title='bbox 660 768 765 855; x_wconf 76' lang='grc' dir='ltr'><strong><em>εἶργον</em></strong></span> <span class='ocrx_word' id='word_1_16' title='bbox 792 774 864 845; x_wconf 63' lang='lat' dir='ltr'>rods·</span> <span class='ocrx_word' id='word_1_17' title='bbox 889 774 1149 857; x_wconf 74' lang='grc' dir='ltr'><em>ἐπιβοηθοῦντας</em></span> <span class='ocrx_word' id='word_1_18' title='bbox 1173 792 1261 853; x_wconf 85' lang='lat' dir='ltr'>quarn</span> <span class='ocrx_word' id='word_1_19' title='bbox 1286 771 1331 835; x_wconf 88' lang='lat' dir='ltr'>illi</span> <span class='ocrx_word' id='word_1_20' title='bbox 1349 773 1402 856; x_wconf 91' lang='lat' dir='ltr'>qui</span> 
     </span>
     <span class='ocr_line' id='line_1_4' title="bbox 281 880 1405 969; baseline -0.005 -15"><span class='ocrx_word' id='word_1_21' title='bbox 281 895 489 954; x_wconf 80' lang='lat' dir='ltr'>remanserant</span> <span class='ocrx_word' id='word_1_22' title='bbox 512 887 608 962; x_wconf 85' lang='lat' dir='ltr'>infra,</span> <span class='ocrx_word' id='word_1_23' title='bbox 633 885 744 969; x_wconf 89' lang='lat' dir='ltr'>quique</span> <span class='ocrx_word' id='word_1_24' title='bbox 768 893 915 952; x_wconf 77' lang='grc' dir='ltr'>κάτωθεν</span> <span class='ocrx_word' id='word_1_25' title='bbox 941 880 1048 969; x_wconf 77' lang='grc' dir='ltr'><strong><em>εἶργον</em></strong></span> <span class='ocrx_word' id='word_1_26' title='bbox 1072 883 1210 961; x_wconf 88' lang='lat' dir='ltr'>eosdem,</span> <span class='ocrx_word' id='word_1_27' title='bbox 1237 891 1268 954; x_wconf 79' lang='lat' dir='ltr'>ct</span> <span class='ocrx_word' id='word_1_28' title='bbox 1284 888 1318 952; x_wconf 75' lang='grc' dir='ltr'>δὲ</span> <span class='ocrx_word' id='word_1_29' title='bbox 1333 909 1405 950; x_wconf 92' lang='lat' dir='ltr'>con-</span> 
     </span>
    </p>
   </div>
   <div class='ocr_carea' id='block_1_3' title="bbox 281 997 1458 1084">
    <p class='ocr_par' dir='ltr' id='par_1_3' title="bbox 281 997 1458 1084">
     <span class='ocr_line' id='line_1_5' title="bbox 281 997 1458 1084; baseline -0.012 -18"><span class='ocrx_word' id='word_1_30' title='bbox 281 1009 328 1066; x_wconf 91' lang='lat' dir='ltr'>tra</span> <span class='ocrx_word' id='word_1_31' title='bbox 352 1011 425 1066; x_wconf 87' lang='lat' dir='ltr'>sunt</span> <span class='ocrx_word' id='word_1_32' title='bbox 448 1001 487 1077; x_wconf 90' lang='lat' dir='ltr'>ii,</span> <span class='ocrx_word' id='word_1_33' title='bbox 513 1001 564 1084; x_wconf 93' lang='lat' dir='ltr'>qui</span> <span class='ocrx_word' id='word_1_34' title='bbox 589 1000 724 1062; x_wconf 83' lang='lat' dir='ltr'>nondum</span> <span class='ocrx_word' id='word_1_35' title='bbox 750 997 944 1062; x_wconf 85' lang='lat' dir='ltr'>escenderent</span> <span class='ocrx_word' id='word_1_36' title='bbox 967 998 999 1061; x_wconf 92' lang='lat' dir='ltr'>iu</span> <span class='ocrx_word' id='word_1_37' title='bbox 1026 1021 1154 1063; x_wconf 89' lang='lat' dir='ltr'>murum.</span> <span class='ocrx_word' id='word_1_38' title='bbox 1207 1004 1247 1066; x_wconf 81' lang='grc' dir='ltr'>Οἱ</span> <span class='ocrx_word' id='word_1_39' title='bbox 1272 1000 1402 1078; x_wconf 77' lang='grc' dir='ltr'><strong><em>πλείους</em></strong></span> <span class='ocrx_word' id='word_1_40' title='bbox 1457 1049 1458 1052; x_wconf 74' lang='grc'>,</span> 
     </span>
    </p>
   </div>
   <div class='ocr_carea' id='block_1_4' title="bbox 282 1113 1455 1658">
    <p class='ocr_par' dir='ltr' id='par_1_4' title="bbox 282 1113 1455 1658">
     <span class='ocr_line' id='line_1_6' title="bbox 283 1113 1406 1201; baseline -0.003 -21"><span class='ocrx_word' id='word_1_41' title='bbox 283 1117 331 1201; x_wconf 88' lang='lat' dir='ltr'>(cl.</span> <span class='ocrx_word' id='word_1_42' title='bbox 348 1114 364 1179; x_wconf 90' lang='grc' dir='ltr'>Ι</span> <span class='ocrx_word' id='word_1_43' title='bbox 377 1117 438 1180; x_wconf 87' lang='grc'>119</span> <span class='ocrx_word' id='word_1_44' title='bbox 451 1116 468 1198; x_wconf 69' lang='lat' dir='ltr'>d</span> <span class='ocrx_word' id='word_1_45' title='bbox 482 1118 513 1198; x_wconf 87' lang='lat'>1)</span> <span class='ocrx_word' id='word_1_46' title='bbox 529 1120 631 1178; x_wconf 87' lang='lat' dir='ltr'>contra</span> <span class='ocrx_word' id='word_1_47' title='bbox 643 1113 699 1177; x_wconf 91' lang='lat' dir='ltr'>loci</span> <span class='ocrx_word' id='word_1_48' title='bbox 712 1114 893 1177; x_wconf 79' lang='lat' dir='ltr'>sententiam</span> <span class='ocrx_word' id='word_1_49' title='bbox 907 1113 1089 1197; x_wconf 81' lang='lat' dir='ltr'>significaret</span> <span class='ocrx_word' id='word_1_50' title='bbox 1101 1113 1225 1180; x_wconf 80' lang='lat' dir='ltr'>maiore</span> <span class='ocrx_word' id='word_1_51' title='bbox 1248 1135 1288 1180; x_wconf 79' lang='grc' dir='ltr'><strong><em>ου</em></strong></span> <span class='ocrx_word' id='word_1_52' title='bbox 1296 1122 1406 1201; x_wconf 81' lang='lat' dir='ltr'>porte.</span> 
     </span>
     <span class='ocr_line' id='line_1_7' title="bbox 325 1225 1455 1314; baseline 0 -20"><span class='ocrx_word' id='word_1_53' title='bbox 325 1229 372 1296; x_wconf 92' lang='lat' dir='ltr'>Ib.</span> <span class='ocrx_word' id='word_1_54' title='bbox 395 1231 412 1313; x_wconf 70' lang='lat' dir='ltr'>d</span> <span class='ocrx_word' id='word_1_55' title='bbox 436 1233 465 1294; x_wconf 81' lang='grc'>4.</span> <span class='ocrx_word' id='word_1_56' title='bbox 493 1234 523 1297; x_wconf 84' lang='grc' dir='ltr'>οἱ</span> <span class='ocrx_word' id='word_1_57' title='bbox 544 1236 602 1314; x_wconf 82' lang='grc' dir='ltr'>μέν</span> <span class='ocrx_word' id='word_1_58' title='bbox 625 1225 679 1295; x_wconf 78' lang='grc' dir='ltr'>οὗν</span> <span class='ocrx_word' id='word_1_59' title='bbox 703 1230 873 1310; x_wconf 76' lang='grc' dir='ltr'><strong><em>Πλαταιῆς</em></strong></span> <span class='ocrx_word' id='word_1_60' title='bbox 895 1232 1037 1306; x_wconf 76' lang='grc' dir='ltr'>ἐκείνους</span> <span class='ocrx_word' id='word_1_61' title='bbox 1059 1235 1164 1313; x_wconf 74' lang='grc' dir='ltr'><strong><em>ἑώρων</em></strong></span> <span class='ocrx_word' id='word_1_62' title='bbox 1189 1228 1350 1312; x_wconf 84' lang='grc' dir='ltr'><strong><em>μᾶλλον</em></strong></span> <span class='ocrx_word' id='word_1_63' title='bbox 1372 1234 1406 1294; x_wconf 77' lang='grc' dir='ltr'>ἐκ</span> <span class='ocrx_word' id='word_1_64' title='bbox 1438 1273 1455 1310; x_wconf 75' lang='grc'>,</span> 
     </span>
     <span class='ocr_line' id='line_1_8' title="bbox 282 1342 1407 1429; baseline -0.005 -15"><span class='ocrx_word' id='word_1_65' title='bbox 282 1358 337 1416; x_wconf 77' lang='grc' dir='ltr'>τοῦ</span> <span class='ocrx_word' id='word_1_66' title='bbox 361 1355 536 1422; x_wconf 84' lang='grc' dir='ltr'><strong><em>σκότους</em></strong></span> <span class='ocrx_word' id='word_1_67' title='bbox 561 1351 693 1420; x_wconf 77' lang='grc' dir='ltr'><strong><em>ἑστῶτες</em></strong></span> <span class='ocrx_word' id='word_1_68' title='bbox 719 1348 770 1408; x_wconf 81' lang='grc' dir='ltr'>ἐπὶ</span> <span class='ocrx_word' id='word_1_69' title='bbox 795 1353 849 1408; x_wconf 78' lang='grc' dir='ltr'>τοῦ</span> <span class='ocrx_word' id='word_1_70' title='bbox 873 1342 997 1429; x_wconf 75' lang='grc' dir='ltr'><strong><em>χείλους</em></strong></span> <span class='ocrx_word' id='word_1_71' title='bbox 1020 1352 1074 1424; x_wconf 81' lang='grc' dir='ltr'>τῆς</span> <span class='ocrx_word' id='word_1_72' title='bbox 1097 1350 1218 1427; x_wconf 85' lang='grc' dir='ltr'><strong><em>τάφρου</em></strong></span> <span class='ocrx_word' id='word_1_73' title='bbox 1247 1349 1317 1407; x_wconf 81' lang='grc' dir='ltr'>καὶ</span> <span class='ocrx_word' id='word_1_74' title='bbox 1341 1348 1407 1410; x_wconf 83' lang='grc' dir='ltr'><strong><em>ἐτό·</em></strong></span> 
     </span>
     <span class='ocr_line' id='line_1_9' title="bbox 282 1456 1409 1541; baseline -0.008 -12"><span class='ocrx_word' id='word_1_75' title='bbox 282 1464 374 1539; x_wconf 83' lang='grc' dir='ltr'><strong><em>ξευόν</em></strong></span> <span class='ocrx_word' id='word_1_76' title='bbox 408 1489 440 1526; x_wconf 86' lang='grc' dir='ltr'>τε</span> <span class='ocrx_word' id='word_1_77' title='bbox 479 1467 544 1526; x_wconf 81' lang='grc' dir='ltr'>κτὲ.</span> <span class='ocrx_word' id='word_1_78' title='bbox 592 1457 672 1520; x_wconf 88' lang='lat' dir='ltr'>Male</span> <span class='ocrx_word' id='word_1_79' title='bbox 709 1456 824 1541; x_wconf 84' lang='lat' dir='ltr'>Kampe</span> <span class='ocrx_word' id='word_1_80' title='bbox 860 1456 997 1539; x_wconf 88' lang='lat' dir='ltr'>copulam</span> <span class='ocrx_word' id='word_1_81' title='bbox 1028 1456 1186 1540; x_wconf 86' lang='lat' dir='ltr'>transponi</span> <span class='ocrx_word' id='word_1_82' title='bbox 1219 1457 1309 1520; x_wconf 89' lang='lat' dir='ltr'>iussit</span> <span class='ocrx_word' id='word_1_83' title='bbox 1341 1464 1409 1541; x_wconf 89' lang='lat' dir='ltr'>post</span> 
     </span>
     <span class='ocr_line' id='line_1_10' title="bbox 283 1569 1408 1658; baseline -0.006 -18"><span class='ocrx_word' id='word_1_84' title='bbox 283 1574 414 1658; x_wconf 82' lang='grc' dir='ltr'><strong><em>μᾶλλον.</em></strong></span> <span class='ocrx_word' id='word_1_85' title='bbox 454 1571 537 1636; x_wconf 89' lang='lat' dir='ltr'>Bene</span> <span class='ocrx_word' id='word_1_86' title='bbox 561 1571 642 1635; x_wconf 90' lang='lat' dir='ltr'>huno</span> <span class='ocrx_word' id='word_1_87' title='bbox 665 1571 765 1634; x_wconf 86' lang='lat' dir='ltr'>loonrn</span> <span class='ocrx_word' id='word_1_88' title='bbox 789 1569 943 1634; x_wconf 85' lang='lat' dir='ltr'>illustrant</span> <span class='ocrx_word' id='word_1_89' title='bbox 966 1569 1055 1634; x_wconf 89' lang='lat' dir='ltr'>verba</span> <span class='ocrx_word' id='word_1_90' title='bbox 1079 1569 1239 1634; x_wconf 87' lang='lat' dir='ltr'>Heliodori</span> <span class='ocrx_word' id='word_1_91' title='bbox 1265 1569 1408 1654; x_wconf 83' lang='lat' dir='ltr'>Aethiop.</span> 
     </span>
    </p>
   </div>
   <div class='ocr_carea' id='block_1_5' title="bbox 284 1681 1408 1884">
    <p class='ocr_par' dir='ltr' id='par_1_5' title="bbox 284 1681 1408 1884">
     <span class='ocr_line' id='line_1_11' title="bbox 285 1681 1407 1774; baseline 0.002 -26"><span class='ocrx_word' id='word_1_92' title='bbox 285 1685 329 1749; x_wconf 91' lang='lat' dir='ltr'>VI</span> <span class='ocrx_word' id='word_1_93' title='bbox 354 1688 395 1750; x_wconf 86' lang='grc'>14</span> <span class='ocrx_word' id='word_1_94' title='bbox 420 1691 510 1754; x_wconf 77' lang='grc' dir='ltr'><strong><em>αὐτοὶ</em></strong></span> <span class='ocrx_word' id='word_1_95' title='bbox 535 1691 593 1770; x_wconf 81' lang='grc' dir='ltr'>μέν</span> <span class='ocrx_word' id='word_1_96' title='bbox 619 1681 674 1752; x_wconf 73' lang='grc' dir='ltr'>οὖν</span> <span class='ocrx_word' id='word_1_97' title='bbox 698 1690 753 1751; x_wconf 84' lang='grc' dir='ltr'>ἅτε</span> <span class='ocrx_word' id='word_1_98' title='bbox 779 1691 813 1752; x_wconf 78' lang='grc' dir='ltr'>ἐν</span> <span class='ocrx_word' id='word_1_99' title='bbox 830 1693 963 1769; x_wconf 86' lang='grc' dir='ltr'><strong><em>σκότῳ</em></strong></span> <span class='ocrx_word' id='word_1_100' title='bbox 980 1686 1146 1766; x_wconf 69' lang='grc' dir='ltr'><strong><em>διάγοντες</em></strong></span> <span class='ocrx_word' id='word_1_101' title='bbox 1170 1687 1227 1774; x_wconf 80' lang='grc' dir='ltr'>οὐχ</span> <span class='ocrx_word' id='word_1_102' title='bbox 1245 1691 1407 1770; x_wconf 82' lang='grc' dir='ltr'><strong><em>ἑωρῶντο·</em></strong></span> 
     </span>
     <span class='ocr_line' id='line_1_12' title="bbox 284 1798 1408 1884; baseline -0.004 -19"><span class='ocrx_word' id='word_1_103' title='bbox 284 1806 492 1867; x_wconf 84' lang='grc' dir='ltr'><strong><em>κατώπτευον</em></strong></span> <span class='ocrx_word' id='word_1_104' title='bbox 514 1800 547 1865; x_wconf 78' lang='grc' dir='ltr'>δὲ</span> <span class='ocrx_word' id='word_1_105' title='bbox 574 1806 613 1865; x_wconf 89' lang='grc' dir='ltr'>τά</span> <span class='ocrx_word' id='word_1_106' title='bbox 631 1804 664 1866; x_wconf 83' lang='grc' dir='ltr'>ἐν</span> <span class='ocrx_word' id='word_1_107' title='bbox 683 1804 774 1882; x_wconf 78' lang='grc' dir='ltr'><strong><em>φωτί.</em></strong></span> <span class='ocrx_word' id='word_1_108' title='bbox 817 1798 937 1862; x_wconf 85' lang='lat' dir='ltr'>Miraris</span> <span class='ocrx_word' id='word_1_109' title='bbox 965 1807 1066 1863; x_wconf 88' lang='lat' dir='ltr'>autem</span> <span class='ocrx_word' id='word_1_110' title='bbox 1096 1800 1177 1884; x_wconf 85' lang='lat' dir='ltr'>apud</span> <span class='ocrx_word' id='word_1_111' title='bbox 1207 1798 1408 1862; x_wconf 86' lang='lat' dir='ltr'>Heliodorum</span> 
     </span>
    </p>
   </div>
   <div class='ocr_carea' id='block_1_6' title="bbox 231 1912 1414 4640">
    <p class='ocr_par' dir='ltr' id='par_1_6' title="bbox 284 1912 1410 2208">
     <span class='ocr_line' id='line_1_13' title="bbox 284 1912 1410 1999; baseline -0.001 -22"><span class='ocrx_word' id='word_1_112' title='bbox 284 1935 423 1998; x_wconf 86' lang='lat' dir='ltr'>apparare</span> <span class='ocrx_word' id='word_1_113' title='bbox 448 1913 573 1976; x_wconf 81' lang='lat' dir='ltr'>formam</span> <span class='ocrx_word' id='word_1_114' title='bbox 597 1913 753 1996; x_wconf 89' lang='lat' dir='ltr'>antiquam</span> <span class='ocrx_word' id='word_1_115' title='bbox 777 1921 794 1980; x_wconf 84' lang='grc' dir='ltr'><strong><em>ό</em></strong></span> <span class='ocrx_word' id='word_1_116' title='bbox 820 1921 941 1992; x_wconf 82' lang='grc' dir='ltr'><strong><em>σκότος,</em></strong></span> <span class='ocrx_word' id='word_1_117' title='bbox 968 1915 1048 1998; x_wconf 89' lang='lat' dir='ltr'>apud</span> <span class='ocrx_word' id='word_1_118' title='bbox 1071 1912 1276 1999; x_wconf 83' lang='lat' dir='ltr'>Thucydidem</span> <span class='ocrx_word' id='word_1_119' title='bbox 1304 1920 1410 1977; x_wconf 86' lang='lat' dir='ltr'>contra</span> 
     </span>
     <span class='ocr_line' id='line_1_14' title="bbox 284 2026 1409 2113; baseline -0.002 -20"><span class='ocrx_word' id='word_1_120' title='bbox 284 2029 480 2094; x_wconf 84' lang='lat' dir='ltr'>recentiorem</span> <span class='ocrx_word' id='word_1_121' title='bbox 510 2034 545 2096; x_wconf 87' lang='grc' dir='ltr'>τὸ</span> <span class='ocrx_word' id='word_1_122' title='bbox 574 2036 694 2104; x_wconf 82' lang='grc' dir='ltr'><strong><em>σκότος.</em></strong></span> <span class='ocrx_word' id='word_1_123' title='bbox 728 2026 841 2090; x_wconf 87' lang='lat' dir='ltr'>Nullus</span> <span class='ocrx_word' id='word_1_124' title='bbox 866 2049 934 2092; x_wconf 88' lang='lat' dir='ltr'>vero</span> <span class='ocrx_word' id='word_1_125' title='bbox 958 2028 1079 2107; x_wconf 89' lang='lat' dir='ltr'>dubito,</span> <span class='ocrx_word' id='word_1_126' title='bbox 1104 2029 1179 2113; x_wconf 90' lang='lat' dir='ltr'>quin</span> <span class='ocrx_word' id='word_1_127' title='bbox 1204 2029 1275 2094; x_wconf 92' lang='lat' dir='ltr'>huic</span> <span class='ocrx_word' id='word_1_128' title='bbox 1297 2029 1409 2112; x_wconf 89' lang='lat' dir='ltr'>ubique</span> 
     </span>
     <span class='ocr_line' id='line_1_15' title="bbox 286 2141 750 2208; baseline 0 -2"><span class='ocrx_word' id='word_1_129' title='bbox 286 2145 423 2208; x_wconf 88' lang='lat' dir='ltr'>locorum</span> <span class='ocrx_word' id='word_1_130' title='bbox 447 2143 498 2207; x_wconf 91' lang='lat' dir='ltr'>illa</span> <span class='ocrx_word' id='word_1_131' title='bbox 523 2141 675 2206; x_wconf 87' lang='lat' dir='ltr'>reddenda</span> <span class='ocrx_word' id='word_1_132' title='bbox 699 2141 750 2206; x_wconf 89' lang='lat' dir='ltr'>sit.</span> 
     </span>
    </p>

    <p class='ocr_par' dir='ltr' id='par_1_7' title="bbox 284 2243 1414 2688">
     <span class='ocr_line' id='line_1_16' title="bbox 329 2243 1414 2341; baseline 0.004 -21"><span class='ocrx_word' id='word_1_133' title='bbox 329 2256 399 2341; x_wconf 87' lang='lat' dir='ltr'>Cap.</span> <span class='ocrx_word' id='word_1_134' title='bbox 424 2259 465 2321; x_wconf 78' lang='lat'>24</span> <span class='ocrx_word' id='word_1_135' title='bbox 496 2259 566 2341; x_wconf 71' lang='lat' dir='ltr'>§L</span> <span class='ocrx_word' id='word_1_136' title='bbox 611 2255 658 2320; x_wconf 79' lang='lat' dir='ltr'>cf.</span> <span class='ocrx_word' id='word_1_137' title='bbox 690 2255 728 2319; x_wconf 89' lang='lat' dir='ltr'>ad</span> <span class='ocrx_word' id='word_1_138' title='bbox 761 2243 846 2322; x_wconf 85' lang='lat'>11&#39;3</span> <span class='ocrx_word' id='word_1_139' title='bbox 876 2258 892 2341; x_wconf 68' lang='lat' dir='ltr'>d</span> <span class='ocrx_word' id='word_1_140' title='bbox 924 2253 965 2322; x_wconf 51' lang='lat' dir='ltr'>ds</span> <span class='ocrx_word' id='word_1_141' title='bbox 1000 2258 1038 2321; x_wconf 92' lang='lat' dir='ltr'>In</span> <span class='ocrx_word' id='word_1_142' title='bbox 1068 2258 1178 2323; x_wconf 85' lang='lat' dir='ltr'>vicinia</span> <span class='ocrx_word' id='word_1_143' title='bbox 1207 2266 1286 2324; x_wconf 88' lang='lat' dir='ltr'>recte</span> <span class='ocrx_word' id='word_1_144' title='bbox 1311 2259 1414 2324; x_wconf 82' lang='lat' dir='ltr'>Nabar</span> 
     </span>
     <span class='ocr_line' id='line_1_17' title="bbox 286 2369 1412 2459; baseline 0.003 -25"><span class='ocrx_word' id='word_1_145' title='bbox 286 2373 439 2456; x_wconf 84' lang='lat' dir='ltr'>saspectat</span> <span class='ocrx_word' id='word_1_146' title='bbox 471 2369 632 2434; x_wconf 87' lang='lat' dir='ltr'>vocabula:</span> <span class='ocrx_word' id='word_1_147' title='bbox 658 2377 716 2454; x_wconf 82' lang='grc' dir='ltr'>τὴν</span> <span class='ocrx_word' id='word_1_148' title='bbox 742 2371 791 2438; x_wconf 81' lang='grc' dir='ltr'>ἐπ’</span> <span class='ocrx_word' id='word_1_149' title='bbox 819 2371 982 2459; x_wconf 78' lang='grc' dir='ltr'><strong><em>Ἀθηνῶν</em></strong></span> <span class='ocrx_word' id='word_1_150' title='bbox 1004 2376 1174 2459; x_wconf 80' lang='grc' dir='ltr'><strong><em>φέρουσαν.</em></strong></span> <span class='ocrx_word' id='word_1_151' title='bbox 1222 2370 1295 2437; x_wconf 84' lang='lat' dir='ltr'>Mon</span> <span class='ocrx_word' id='word_1_152' title='bbox 1324 2373 1412 2457; x_wconf 86' lang='lat' dir='ltr'>lego:</span> 
     </span>
     <span class='ocr_line' id='line_1_18' title="bbox 284 2486 1411 2573; baseline 0.001 -21"><span class='ocrx_word' id='word_1_153' title='bbox 284 2493 343 2570; x_wconf 81' lang='grc' dir='ltr'>τὴν</span> <span class='ocrx_word' id='word_1_154' title='bbox 371 2491 449 2568; x_wconf 84' lang='grc' dir='ltr'><strong><em>πρὸς</em></strong></span> <span class='ocrx_word' id='word_1_155' title='bbox 473 2490 508 2552; x_wconf 89' lang='grc' dir='ltr'>τὸ</span> <span class='ocrx_word' id='word_1_156' title='bbox 536 2492 606 2571; x_wconf 88' lang='grc' dir='ltr'><strong><em>ὄρος</em></strong></span> <span class='ocrx_word' id='word_1_157' title='bbox 630 2487 790 2569; x_wconf 81' lang='grc' dir='ltr'><strong><em>φέρουσαν</em></strong></span> <span class='ocrx_word' id='word_1_158' title='bbox 815 2486 918 2570; x_wconf 81' lang='grc' dir='ltr'><strong><em>[ὁδόν]</em></strong></span> <span class='ocrx_word' id='word_1_159' title='bbox 938 2493 969 2549; x_wconf 88' lang='lat' dir='ltr'>et</span> <span class='ocrx_word' id='word_1_160' title='bbox 992 2487 1023 2550; x_wconf 91' lang='lat' dir='ltr'>in</span> <span class='ocrx_word' id='word_1_161' title='bbox 1039 2487 1099 2551; x_wconf 87' lang='lat' dir='ltr'>fine</span> <span class='ocrx_word' id='word_1_162' title='bbox 1114 2488 1232 2573; x_wconf 88' lang='lat' dir='ltr'>capitis:</span> <span class='ocrx_word' id='word_1_163' title='bbox 1251 2494 1281 2555; x_wconf 88' lang='grc' dir='ltr'>οἱ</span> <span class='ocrx_word' id='word_1_164' title='bbox 1296 2493 1355 2572; x_wconf 84' lang='grc' dir='ltr'>μέν</span> <span class='ocrx_word' id='word_1_165' title='bbox 1374 2487 1411 2571; x_wconf 79' lang='grc' dir='ltr'>δη</span> 
     </span>
     <span class='ocr_line' id='line_1_19' title="bbox 288 2598 1277 2688; baseline 0.002 -23"><span class='ocrx_word' id='word_1_166' title='bbox 288 2598 365 2680; x_wconf 80' lang='grc' dir='ltr'><strong><em>[τῶν</em></strong></span> <span class='ocrx_word' id='word_1_167' title='bbox 391 2600 589 2682; x_wconf 83' lang='grc' dir='ltr'><strong><em>Πλαταιῶν]</em></strong></span> <span class='ocrx_word' id='word_1_168' title='bbox 612 2600 728 2685; x_wconf 82' lang='grc' dir='ltr'><strong><em>ἄνδρες</em></strong></span> <span class='ocrx_word' id='word_1_169' title='bbox 753 2603 852 2676; x_wconf 78' lang='grc' dir='ltr'><strong><em>οὕτως</em></strong></span> <span class='ocrx_word' id='word_1_170' title='bbox 875 2604 1071 2688; x_wconf 75' lang='grc' dir='ltr'><strong><em>ὑπερβάντες</em></strong></span> <span class='ocrx_word' id='word_1_171' title='bbox 1097 2608 1277 2688; x_wconf 75' lang='grc' dir='ltr'><strong><em>ἐσώθησαν.</em></strong></span> 
     </span>
    </p>

    <p class='ocr_par' dir='ltr' id='par_1_8' title="bbox 285 2711 1412 3370">
     <span class='ocr_line' id='line_1_20' title="bbox 328 2711 1412 2798; baseline 0.008 -23"><span class='ocrx_word' id='word_1_172' title='bbox 328 2711 445 2796; x_wconf 83' lang='lat' dir='ltr'>Capitis</span> <span class='ocrx_word' id='word_1_173' title='bbox 466 2715 507 2778; x_wconf 79' lang='grc'>26</span> <span class='ocrx_word' id='word_1_174' title='bbox 521 2712 701 2798; x_wconf 87' lang='lat' dir='ltr'>principium</span> <span class='ocrx_word' id='word_1_175' title='bbox 720 2735 780 2777; x_wconf 93' lang='lat' dir='ltr'>non</span> <span class='ocrx_word' id='word_1_176' title='bbox 797 2713 898 2777; x_wconf 89' lang='lat' dir='ltr'>minus</span> <span class='ocrx_word' id='word_1_177' title='bbox 919 2714 1039 2778; x_wconf 86' lang='lat' dir='ltr'>vexavit</span> <span class='ocrx_word' id='word_1_178' title='bbox 1057 2717 1224 2780; x_wconf 87' lang='lat' dir='ltr'>annotandi</span> <span class='ocrx_word' id='word_1_179' title='bbox 1247 2716 1359 2781; x_wconf 88' lang='lat' dir='ltr'>libido:</span> <span class='ocrx_word' id='word_1_180' title='bbox 1380 2723 1412 2784; x_wconf 82' lang='grc' dir='ltr'>οἱ</span> 
     </span>
     <span class='ocr_line' id='line_1_21' title="bbox 285 2827 1410 2918; baseline 0.002 -25"><span class='ocrx_word' id='word_1_181' title='bbox 285 2827 544 2909; x_wconf 73' lang='grc' dir='ltr'><strong><em>Πελοποννήσιοι</em></strong></span> <span class='ocrx_word' id='word_1_182' title='bbox 571 2830 679 2912; x_wconf 75' lang='grc' dir='ltr'><strong><em>ἐπειδὴ</em></strong></span> <span class='ocrx_word' id='word_1_183' title='bbox 712 2834 769 2904; x_wconf 86' lang='grc' dir='ltr'>τάς</span> <span class='ocrx_word' id='word_1_184' title='bbox 802 2835 833 2906; x_wconf 81' lang='grc' dir='ltr'>ἐς</span> <span class='ocrx_word' id='word_1_185' title='bbox 862 2837 920 2913; x_wconf 81' lang='grc' dir='ltr'>τὴν</span> <span class='ocrx_word' id='word_1_186' title='bbox 954 2831 1152 2918; x_wconf 78' lang='grc' dir='ltr'><strong><em>Μυτιλήνην</em></strong></span> <span class='ocrx_word' id='word_1_187' title='bbox 1179 2833 1249 2915; x_wconf 81' lang='grc' dir='ltr'><strong><em>[δυο</em></strong></span> <span class='ocrx_word' id='word_1_188' title='bbox 1274 2839 1345 2910; x_wconf 82' lang='grc' dir='ltr'><strong><em>καὶ,</em></strong></span> <span class='ocrx_word' id='word_1_189' title='bbox 1372 2834 1410 2896; x_wconf 79' lang='lat' dir='ltr'>cf,</span> 
     </span>
     <span class='ocr_line' id='line_1_22' title="bbox 285 2937 1409 3032; baseline 0.011 -32"><span class='ocrx_word' id='word_1_190' title='bbox 285 2938 381 3023; x_wconf 88' lang='lat' dir='ltr'>Kriig.</span> <span class='ocrx_word' id='word_1_191' title='bbox 409 2939 446 3002; x_wconf 88' lang='lat' dir='ltr'>ad</span> <span class='ocrx_word' id='word_1_192' title='bbox 476 2938 505 3003; x_wconf 88' lang='lat' dir='ltr'>h.</span> <span class='ocrx_word' id='word_1_193' title='bbox 527 2937 563 3023; x_wconf 81' lang='grc' dir='ltr'>λ]</span> <span class='ocrx_word' id='word_1_194' title='bbox 590 2949 826 3026; x_wconf 85' lang='grc' dir='ltr'><strong><em>τεσσαράκοντα</em></strong></span> <span class='ocrx_word' id='word_1_195' title='bbox 855 2954 932 3020; x_wconf 82' lang='grc' dir='ltr'><strong><em>ναῦς</em></strong></span> <span class='ocrx_word' id='word_1_196' title='bbox 958 2946 1152 3013; x_wconf 74' lang='grc' dir='ltr'><strong><em>ἀπέστειλαν</em></strong></span> <span class='ocrx_word' id='word_1_197' title='bbox 1182 2949 1300 3032; x_wconf 76' lang='grc' dir='ltr'><strong><em>ἔχοντα</em></strong></span> <span class='ocrx_word' id='word_1_198' title='bbox 1325 2945 1409 3013; x_wconf 85' lang='grc' dir='ltr'>Ἀλ-</span> 
     </span>
     <span class='ocr_line' id='line_1_23' title="bbox 286 3055 1410 3146; baseline 0.002 -25"><span class='ocrx_word' id='word_1_199' title='bbox 286 3056 380 3122; x_wconf 79' lang='grc' dir='ltr'><strong><em>κίδαν</em></strong></span> <span class='ocrx_word' id='word_1_200' title='bbox 401 3056 448 3138; x_wconf 80' lang='grc' dir='ltr'>[ὃς</span> <span class='ocrx_word' id='word_1_201' title='bbox 464 3055 502 3142; x_wconf 78' lang='grc' dir='ltr'>ἦν</span> <span class='ocrx_word' id='word_1_202' title='bbox 525 3061 639 3135; x_wconf 82' lang='grc' dir='ltr'><strong><em>αὐτοῖς</em></strong></span> <span class='ocrx_word' id='word_1_203' title='bbox 662 3063 820 3146; x_wconf 70' lang='grc' dir='ltr'><strong><em>ναύαρχος</em></strong></span> <span class='ocrx_word' id='word_1_204' title='bbox 831 3112 839 3140; x_wconf 84' lang='lat'><em>,</em></span> <span class='ocrx_word' id='word_1_205' title='bbox 865 3063 1119 3144; x_wconf 83' lang='grc' dir='ltr'><strong><em>προστάξαντες,</em></strong></span> <span class='ocrx_word' id='word_1_206' title='bbox 1154 3061 1303 3125; x_wconf 86' lang='lat' dir='ltr'>scholium</span> <span class='ocrx_word' id='word_1_207' title='bbox 1331 3061 1410 3145; x_wconf 89' lang='lat' dir='ltr'>peti-</span> 
     </span>
     <span class='ocr_line' id='line_1_24' title="bbox 285 3170 1409 3262; baseline 0.011 -31"><span class='ocrx_word' id='word_1_208' title='bbox 285 3175 349 3232; x_wconf 89' lang='lat' dir='ltr'>tum</span> <span class='ocrx_word' id='word_1_209' title='bbox 381 3191 396 3231; x_wconf 89' lang='lat' dir='ltr'>e</span> <span class='ocrx_word' id='word_1_210' title='bbox 426 3191 487 3254; x_wconf 87' lang='lat' dir='ltr'>cap.</span> <span class='ocrx_word' id='word_1_211' title='bbox 512 3172 552 3235; x_wconf 89' lang='grc'>16</span> <span class='ocrx_word' id='word_1_212' title='bbox 577 3173 667 3256; x_wconf 64' lang='lat' dir='ltr'>extr]</span> <span class='ocrx_word' id='word_1_213' title='bbox 686 3175 778 3239; x_wconf 77' lang='grc' dir='ltr'><strong><em>αὐτοὶ</em></strong></span> <span class='ocrx_word' id='word_1_214' title='bbox 803 3179 834 3250; x_wconf 83' lang='grc' dir='ltr'>ἐς</span> <span class='ocrx_word' id='word_1_215' title='bbox 858 3181 915 3258; x_wconf 79' lang='grc' dir='ltr'>τὴν</span> <span class='ocrx_word' id='word_1_216' title='bbox 937 3170 1100 3259; x_wconf 86' lang='grc' dir='ltr'><strong><em>Ἀττικὴν</em></strong></span> <span class='ocrx_word' id='word_1_217' title='bbox 1126 3182 1180 3242; x_wconf 80' lang='grc' dir='ltr'>καὶ</span> <span class='ocrx_word' id='word_1_218' title='bbox 1204 3179 1236 3242; x_wconf 76' lang='grc' dir='ltr'>οἱ</span> <span class='ocrx_word' id='word_1_219' title='bbox 1251 3179 1409 3262; x_wconf 66' lang='grc' dir='ltr'><strong><em>ξύμμαχοι</em></strong></span> 
     </span>
     <span class='ocr_line' id='line_1_25' title="bbox 286 3286 452 3370; baseline -0.018 -19"><span class='ocrx_word' id='word_1_220' title='bbox 286 3286 452 3370; x_wconf 78' lang='grc' dir='ltr'><strong><em>ἐσέβαλον.</em></strong></span> 
     </span>
    </p>

    <p class='ocr_par' dir='ltr' id='par_1_9' title="bbox 231 3395 1287 3486">
     <span class='ocr_line' id='line_1_26' title="bbox 231 3395 1287 3486; baseline 0.011 -29"><span class='ocrx_word' id='word_1_221' title='bbox 231 3465 234 3469; x_wconf 53' lang='grc'>,</span> <span class='ocrx_word' id='word_1_222' title='bbox 331 3395 404 3480; x_wconf 82' lang='lat' dir='ltr'>Cap.</span> <span class='ocrx_word' id='word_1_223' title='bbox 428 3400 469 3464; x_wconf 73' lang='lat'>28</span> <span class='ocrx_word' id='word_1_224' title='bbox 493 3397 563 3462; x_wconf 89' lang='lat' dir='ltr'>init.</span> <span class='ocrx_word' id='word_1_225' title='bbox 587 3398 707 3482; x_wconf 85' lang='lat' dir='ltr'>legatur</span> <span class='ocrx_word' id='word_1_226' title='bbox 730 3400 931 3469; x_wconf 81' lang='grc' dir='ltr'><strong><em>άποκωλυιιν</em></strong></span> <span class='ocrx_word' id='word_1_227' title='bbox 955 3423 1008 3484; x_wconf 87' lang='lat' dir='ltr'>pro</span> <span class='ocrx_word' id='word_1_228' title='bbox 1031 3403 1287 3486; x_wconf 56' lang='lat' dir='ltr'>dccccl-door„</span> 
     </span>
    </p>

    <p class='ocr_par' dir='ltr' id='par_1_10' title="bbox 285 3511 1409 4640">
     <span class='ocr_line' id='line_1_27' title="bbox 330 3511 1409 3602; baseline 0.008 -28"><span class='ocrx_word' id='word_1_229' title='bbox 330 3511 403 3596; x_wconf 83' lang='lat' dir='ltr'>Gap.</span> <span class='ocrx_word' id='word_1_230' title='bbox 429 3515 471 3579; x_wconf 85' lang='lat'>30</span> <span class='ocrx_word' id='word_1_231' title='bbox 493 3516 510 3598; x_wconf 66' lang='lat' dir='ltr'>d</span> <span class='ocrx_word' id='word_1_232' title='bbox 535 3517 563 3577; x_wconf 89' lang='lat'>1.</span> <span class='ocrx_word' id='word_1_233' title='bbox 609 3513 658 3577; x_wconf 85' lang='lat' dir='ltr'>Ad</span> <span class='ocrx_word' id='word_1_234' title='bbox 689 3511 822 3598; x_wconf 86' lang='lat' dir='ltr'>Kriigeri</span> <span class='ocrx_word' id='word_1_235' title='bbox 854 3515 1055 3579; x_wconf 83' lang='lat' dir='ltr'>coniecturam</span> <span class='ocrx_word' id='word_1_236' title='bbox 1097 3517 1223 3602; x_wconf 85' lang='grc' dir='ltr'><strong><em>μάλιστ’</em></strong></span> <span class='ocrx_word' id='word_1_237' title='bbox 1254 3519 1409 3601; x_wconf 51' lang='lat' dir='ltr'>dolatico</span> 
     </span>
     <span class='ocr_line' id='line_1_28' title="bbox 286 3624 1406 3719; baseline 0.01 -31"><span class='ocrx_word' id='word_1_238' title='bbox 286 3647 425 3710; x_wconf 88' lang='lat' dir='ltr'>comparo</span> <span class='ocrx_word' id='word_1_239' title='bbox 450 3624 558 3690; x_wconf 88' lang='lat' dir='ltr'>Dionis</span> <span class='ocrx_word' id='word_1_240' title='bbox 586 3624 619 3690; x_wconf 84' lang='lat'>0.</span> <span class='ocrx_word' id='word_1_241' title='bbox 647 3625 746 3689; x_wconf 91' lang='lat' dir='ltr'>locum</span> <span class='ocrx_word' id='word_1_242' title='bbox 769 3626 844 3690; x_wconf 90' lang='lat' dir='ltr'>XLI</span> <span class='ocrx_word' id='word_1_243' title='bbox 868 3629 909 3694; x_wconf 83' lang='lat'>59</span> <span class='ocrx_word' id='word_1_244' title='bbox 933 3632 950 3714; x_wconf 60' lang='lat' dir='ltr'>d</span> <span class='ocrx_word' id='word_1_245' title='bbox 975 3632 991 3692; x_wconf 95' lang='grc'>1</span> <span class='ocrx_word' id='word_1_246' title='bbox 1019 3631 1066 3707; x_wconf 84' lang='grc' dir='ltr'>οἷς</span> <span class='ocrx_word' id='word_1_247' title='bbox 1090 3639 1256 3719; x_wconf 85' lang='grc' dir='ltr'><strong><em>πόρρωθεν</em></strong></span> <span class='ocrx_word' id='word_1_248' title='bbox 1281 3643 1301 3717; x_wconf 79' lang='grc' dir='ltr'><em>ἡ</em></span> <span class='ocrx_word' id='word_1_249' title='bbox 1325 3633 1406 3717; x_wconf 64' lang='lat' dir='ltr'>oller)</span> 
     </span>
     <span class='ocr_line' id='line_1_29' title="bbox 285 3740 1407 3830; baseline 0.006 -28"><span class='ocrx_word' id='word_1_250' title='bbox 285 3741 334 3827; x_wconf 79' lang='grc' dir='ltr'>ἦν.</span> <span class='ocrx_word' id='word_1_251' title='bbox 382 3740 461 3804; x_wconf 88' lang='lat' dir='ltr'>Mihi</span> <span class='ocrx_word' id='word_1_252' title='bbox 488 3740 520 3803; x_wconf 89' lang='lat' dir='ltr'>in</span> <span class='ocrx_word' id='word_1_253' title='bbox 545 3747 678 3804; x_wconf 87' lang='lat' dir='ltr'>mentem</span> <span class='ocrx_word' id='word_1_254' title='bbox 705 3748 825 3805; x_wconf 87' lang='lat' dir='ltr'>venerat</span> <span class='ocrx_word' id='word_1_255' title='bbox 848 3745 1015 3830; x_wconf 81' lang='grc' dir='ltr'><strong><em>μαλακὴ</em></strong></span> <span class='ocrx_word' id='word_1_256' title='bbox 1042 3741 1151 3813; x_wconf 74' lang='grc' dir='ltr'><strong><em>οὖσα.</em></strong></span> <span class='ocrx_word' id='word_1_257' title='bbox 1200 3744 1335 3810; x_wconf 88' lang='lat' dir='ltr'>Herbstii</span> <span class='ocrx_word' id='word_1_258' title='bbox 1361 3745 1407 3809; x_wconf 91' lang='lat' dir='ltr'>in-</span> 
     </span>
     <span class='ocr_line' id='line_1_30' title="bbox 286 3854 1406 3942; baseline 0.001 -23"><span class='ocrx_word' id='word_1_259' title='bbox 286 3854 464 3940; x_wconf 89' lang='lat' dir='ltr'>terpretatio</span> <span class='ocrx_word' id='word_1_260' title='bbox 494 3854 526 3917; x_wconf 91' lang='lat' dir='ltr'>in</span> <span class='ocrx_word' id='word_1_261' title='bbox 554 3854 714 3938; x_wconf 85' lang='lat' dir='ltr'>Philologo</span> <span class='ocrx_word' id='word_1_262' title='bbox 747 3854 826 3918; x_wconf 90' lang='lat' dir='ltr'>XVI</span> <span class='ocrx_word' id='word_1_263' title='bbox 859 3856 941 3934; x_wconf 82' lang='grc'><strong>305,</strong></span> <span class='ocrx_word' id='word_1_264' title='bbox 976 3878 1065 3940; x_wconf 90' lang='lat' dir='ltr'>qnam</span> <span class='ocrx_word' id='word_1_265' title='bbox 1098 3858 1233 3942; x_wconf 88' lang='lat' dir='ltr'>seqnitur</span> <span class='ocrx_word' id='word_1_266' title='bbox 1263 3856 1406 3935; x_wconf 80' lang='lat' dir='ltr'>Classen,</span> 
     </span>
     <span class='ocr_line' id='line_1_31' title="bbox 287 3967 1405 4056; baseline 0.002 -24"><span class='ocrx_word' id='word_1_267' title='bbox 287 3967 396 4032; x_wconf 92' lang='lat' dir='ltr'>bellum</span> <span class='ocrx_word' id='word_1_268' title='bbox 417 3969 547 4033; x_wconf 85' lang='lat' dir='ltr'>declarat</span> <span class='ocrx_word' id='word_1_269' title='bbox 570 3969 801 4035; x_wconf 81' lang='lat' dir='ltr'>Grammaticae.</span> <span class='ocrx_word' id='word_1_270' title='bbox 850 3969 886 4032; x_wconf 93' lang='lat' dir='ltr'>In</span> <span class='ocrx_word' id='word_1_271' title='bbox 908 3971 1005 4056; x_wconf 87' lang='lat' dir='ltr'>capite</span> <span class='ocrx_word' id='word_1_272' title='bbox 1027 3979 1161 4035; x_wconf 85' lang='lat' dir='ltr'>extremo</span> <span class='ocrx_word' id='word_1_273' title='bbox 1183 3970 1338 4036; x_wconf 71' lang='lat' dir='ltr'>(lassenio</span> <span class='ocrx_word' id='word_1_274' title='bbox 1362 3995 1405 4036; x_wconf 86' lang='lat' dir='ltr'>as·</span> 
     </span>
     <span class='ocr_line' id='line_1_32' title="bbox 286 4083 1406 4171; baseline 0.004 -26"><span class='ocrx_word' id='word_1_275' title='bbox 286 4083 401 4146; x_wconf 87' lang='lat' dir='ltr'>sentior</span> <span class='ocrx_word' id='word_1_276' title='bbox 423 4084 523 4147; x_wconf 89' lang='lat' dir='ltr'>tuenti</span> <span class='ocrx_word' id='word_1_277' title='bbox 547 4091 582 4152; x_wconf 87' lang='grc' dir='ltr'>τὸ</span> <span class='ocrx_word' id='word_1_278' title='bbox 604 4091 754 4153; x_wconf 88' lang='grc' dir='ltr'><strong><em>καινόν</em></strong></span> <span class='ocrx_word' id='word_1_279' title='bbox 779 4094 834 4151; x_wconf 85' lang='grc' dir='ltr'>τοῦ</span> <span class='ocrx_word' id='word_1_280' title='bbox 856 4086 1008 4170; x_wconf 84' lang='grc' dir='ltr'><strong><em>πολέμου.</em></strong></span> <span class='ocrx_word' id='word_1_281' title='bbox 1055 4085 1169 4148; x_wconf 86' lang='lat' dir='ltr'>Doctae</span> <span class='ocrx_word' id='word_1_282' title='bbox 1189 4086 1253 4150; x_wconf 87' lang='lat' dir='ltr'>eius</span> <span class='ocrx_word' id='word_1_283' title='bbox 1274 4087 1406 4171; x_wconf 89' lang='lat' dir='ltr'>disputa·</span> 
     </span>
     <span class='ocr_line' id='line_1_33' title="bbox 285 4197 1406 4284; baseline 0.007 -24"><span class='ocrx_word' id='word_1_284' title='bbox 285 4198 364 4261; x_wconf 90' lang='lat' dir='ltr'>tioni</span> <span class='ocrx_word' id='word_1_285' title='bbox 395 4198 426 4262; x_wconf 88' lang='lat' dir='ltr'>in</span> <span class='ocrx_word' id='word_1_286' title='bbox 461 4197 626 4282; x_wconf 86' lang='lat' dir='ltr'>appendice</span> <span class='ocrx_word' id='word_1_287' title='bbox 661 4221 690 4282; x_wconf 89' lang='lat' dir='ltr'>p.</span> <span class='ocrx_word' id='word_1_288' title='bbox 725 4201 788 4266; x_wconf 89' lang='lat'>188</span> <span class='ocrx_word' id='word_1_289' title='bbox 813 4223 847 4284; x_wconf 91' lang='lat' dir='ltr'>sq</span> <span class='ocrx_word' id='word_1_290' title='bbox 885 4200 961 4263; x_wconf 86' lang='lat' dir='ltr'>adde</span> <span class='ocrx_word' id='word_1_291' title='bbox 983 4201 1082 4265; x_wconf 89' lang='lat' dir='ltr'>locum</span> <span class='ocrx_word' id='word_1_292' title='bbox 1107 4202 1261 4266; x_wconf 89' lang='lat' dir='ltr'>Plutarchi</span> <span class='ocrx_word' id='word_1_293' title='bbox 1285 4202 1323 4268; x_wconf 86' lang='lat' dir='ltr'>de</span> <span class='ocrx_word' id='word_1_294' title='bbox 1347 4223 1406 4268; x_wconf 85' lang='lat' dir='ltr'>uu·</span> 
     </span>
     <span class='ocr_line' id='line_1_34' title="bbox 288 4311 1406 4404; baseline 0.004 -26"><span class='ocrx_word' id='word_1_295' title='bbox 288 4312 405 4380; x_wconf 76' lang='lat' dir='ltr'>diendo</span> <span class='ocrx_word' id='word_1_296' title='bbox 421 4311 467 4379; x_wconf 84' lang='lat' dir='ltr'>ed.</span> <span class='ocrx_word' id='word_1_297' title='bbox 488 4312 582 4376; x_wconf 83' lang='lat' dir='ltr'>Didot</span> <span class='ocrx_word' id='word_1_298' title='bbox 598 4336 626 4396; x_wconf 89' lang='lat' dir='ltr'>p.</span> <span class='ocrx_word' id='word_1_299' title='bbox 644 4316 698 4386; x_wconf 81' lang='lat'>50,</span> <span class='ocrx_word' id='word_1_300' title='bbox 722 4317 781 4388; x_wconf 69' lang='lat'>283</span> <span class='ocrx_word' id='word_1_301' title='bbox 798 4321 840 4392; x_wconf 82' lang='grc' dir='ltr'>ὠς</span> <span class='ocrx_word' id='word_1_302' title='bbox 859 4324 918 4401; x_wconf 80' lang='grc' dir='ltr'>γὰρ</span> <span class='ocrx_word' id='word_1_303' title='bbox 936 4317 1078 4402; x_wconf 81' lang='grc' dir='ltr'><strong><em>πολέμου</em></strong></span> <span class='ocrx_word' id='word_1_304' title='bbox 1094 4323 1149 4384; x_wconf 78' lang='grc' dir='ltr'>καὶ</span> <span class='ocrx_word' id='word_1_305' title='bbox 1171 4321 1406 4404; x_wconf 82' lang='grc' dir='ltr'><strong><em>οἷκροόισεονς</em></strong></span> 
     </span>
     <span class='ocr_line' id='line_1_35' title="bbox 288 4427 1404 4515; baseline 0.001 -22"><span class='ocrx_word' id='word_1_306' title='bbox 288 4427 392 4494; x_wconf 85' lang='grc' dir='ltr'><strong><em>πολλά</em></strong></span> <span class='ocrx_word' id='word_1_307' title='bbox 423 4434 461 4494; x_wconf 90' lang='grc' dir='ltr'>τά</span> <span class='ocrx_word' id='word_1_308' title='bbox 492 4436 591 4494; x_wconf 86' lang='grc' dir='ltr'><strong><em>κενά</em></strong></span> <span class='ocrx_word' id='word_1_309' title='bbox 619 4433 720 4508; x_wconf 81' lang='grc' dir='ltr'><strong><em>ἐστιν,</em></strong></span> <span class='ocrx_word' id='word_1_310' title='bbox 749 4429 830 4492; x_wconf 89' lang='lat' dir='ltr'>unde</span> <span class='ocrx_word' id='word_1_311' title='bbox 856 4430 1048 4494; x_wconf 86' lang='lat' dir='ltr'>confirmatur</span> <span class='ocrx_word' id='word_1_312' title='bbox 1074 4431 1138 4494; x_wconf 90' lang='lat' dir='ltr'>eins</span> <span class='ocrx_word' id='word_1_313' title='bbox 1165 4430 1297 4515; x_wconf 88' lang='lat' dir='ltr'>suspicio</span> <span class='ocrx_word' id='word_1_314' title='bbox 1322 4430 1404 4514; x_wconf 89' lang='lat' dir='ltr'>apud</span> 
     </span>
     <span class='ocr_line' id='line_1_36' title="bbox 287 4541 1403 4640; baseline 0.005 -36"><span class='ocrx_word' id='word_1_315' title='bbox 287 4541 412 4605; x_wconf 89' lang='lat' dir='ltr'>seriores</span> <span class='ocrx_word' id='word_1_316' title='bbox 447 4549 584 4640; x_wconf 85' lang='lat' dir='ltr'>auctores</span> <span class='ocrx_word' id='word_1_317' title='bbox 620 4549 719 4611; x_wconf 87' lang='grc' dir='ltr'><strong><em>κενά</em></strong></span> <span class='ocrx_word' id='word_1_318' title='bbox 754 4565 816 4607; x_wconf 92' lang='lat' dir='ltr'>non</span> <span class='ocrx_word' id='word_1_319' title='bbox 847 4567 911 4608; x_wconf 84' lang='lat' dir='ltr'>esse</span> <span class='ocrx_word' id='word_1_320' title='bbox 943 4546 1166 4614; x_wconf 88' lang='lat' dir='ltr'>sollicitandum</span> <span class='ocrx_word' id='word_1_321' title='bbox 1226 4547 1304 4612; x_wconf 90' lang='lat' dir='ltr'>Nam</span> <span class='ocrx_word' id='word_1_322' title='bbox 1336 4546 1403 4610; x_wconf 91' lang='lat' dir='ltr'>loco</span> 
     </span>
    </p>
   </div>
   <div class='ocr_carea' id='block_1_7' title="bbox 0 0 1608 5232">
    <p class='ocr_par' dir='ltr' id='par_1_11' title="bbox 0 0 1608 5232">
     <span class='ocr_line' id='line_1_37' title="bbox 0 0 1608 5232; baseline 0 0"><span class='ocrx_word' id='word_1_323' title='bbox 0 0 1608 5232; x_wconf 95' lang='lat' dir='ltr'> </span> 
     </span>
    </p>
   </div>
  </div>
 </body>
</html>
