3166 5230
817 406 885 476 lat
1118 505 1124 522 χ

292 591 362 662 VII
385 595 419 672 1,
444 595 480 674 4,
506 595 547 661 16
571 592 636 673 bis,
661 593 720 674 25,
746 595 803 672 28,
828 594 880 672 37,
906 595 963 672 64,
988 593 1075 660 VIII
1099 597 1134 675 6,
1151 598 1211 678 49,
1231 599 1284 664 64.
1309 597 1410 678 Quare

293 731 354 774 non
378 731 499 794 possum
522 711 595 795 quin
618 710 703 777 valde
726 715 900 794 suspectum
921 709 1048 775 habeam
1070 715 1190 799 ἐιιείνχ.

337 822 409 909 (lap.
441 826 493 891 81.
524 833 664 895 ἄποθεν.
710 824 797 889 Inter
828 825 906 890 hanc
935 824 1063 890 formam
1094 830 1125 889 et
1153 833 1289 896 ἄποθεν
1319 849 1408 913 saepe

293 940 412 1006 variant
431 938 565 1020 codices,
586 940 679 1024 inque
694 937 791 1004 varias
808 945 908 1024 partes
925 938 1085 1004 discedunt
1101 939 1207 1006 critici.
1252 941 1409 1008 Dirimant

292 1078 357 1120 eam
381 1055 461 1122 litem
482 1061 602 1140 poetae,
626 1055 678 1139 qui
698 1055 775 1119 hanc
796 1054 956 1139 (ἄπωθεν)
977 1059 1097 1119 tuentes
1115 1053 1200 1119 illam
1220 1062 1406 1123 aversantur.

292 1169 434 1254 Sequitur
456 1190 526 1256 ergo
549 1177 686 1240 ἄπωθεν
704 1168 873 1252 analogiam
890 1167 1100 1234 adverbiorum
1116 1171 1251 1252 ἔσωθεν,
1269 1173 1404 1251 ἔξωθεν,

291 1293 433 1364 ἄνωθεν,
462 1294 618 1353 κάτωθεν.

336 1398 409 1484 Cap.
435 1401 487 1466 86.
513 1400 674 1488 Ἀχαϊκῷ.
709 1397 821 1463 Utrum
840 1399 1011 1487 Ἀχαϊκὸς,
1027 1400 1194 1486 ἀρχαϊκός,
1211 1396 1407 1479 Ἀλκαῖκός,

292 1536 330 1577 an
354 1514 539 1602 Ἀχαιικὸς,
564 1517 744 1601 οἷρχαιιιιός,
771 1511 978 1588 Ἀλκαιιιιός,
1005 1509 1130 1591 similia,
1155 1510 1346 1577 scribendum
1369 1512 1409 1577 sit

293 1651 309 1693 e
336 1626 489 1692 codicibus
511 1625 578 1690 sciri
604 1625 725 1711 nequit,
748 1624 1073 1710 obtemperandumquo
1098 1625 1131 1692 in
1158 1648 1193 1691 ea
1215 1649 1247 1692 re
1270 1634 1409 1697 veterum

292 1741 557 1826 grammaticorum
583 1739 766 1827 praeceptis,
796 1761 871 1826 quos
900 1738 1084 1824 scripturam
1118 1761 1171 1824 per
1202 1739 1313 1826 duplex
1342 1742 1408 1809 iota

292 1856 499 1922 commendare
519 1861 625 1922 notum
641 1861 697 1920 est.
729 1854 776 1920 cf.
792 1853 983 1942 Phrynichus
997 1854 1030 1919 in
1046 1878 1077 1919 v.
1104 1854 1301 1934 Ἀλκαΐιιόν,
1319 1853 1407 1942 ᾆσμα

294 1977 324 2034 ot
344 1969 409 2035 Lex
432 1969 553 2055 Seguer.
579 1991 608 2054 p.
628 1971 703 2036 449.
751 1968 783 2033 Si
807 1966 987 2032 Eustathius
1010 1965 1047 2032 ad
1070 1966 1129 2032 Od.
1154 1998 1173 2051 y
1198 1968 1262 2036 250
1286 1969 1408 2058 Ἀχαι·

294 2091 363 2154 ιαὸν
396 2084 505 2150 tribuit
537 2095 603 2164 τοῖς
633 2084 786 2162 παλαιοῖς
811 2082 894 2169 (sic),
930 2082 1091 2170 Ἀχαϊκὸν
1126 2103 1197 2146 vero
1228 2092 1295 2160 τοῖς
1330 2081 1405 2168 μεθ’

291 2200 433 2288 Ὅμηρον
465 2200 498 2265 id
525 2222 586 2265 non
614 2199 711 2286 magis
740 2198 832 2264 debet
858 2197 989 2284 aliquem
1014 2197 1123 2263 morari
1151 2220 1240 2283 quam
1264 2220 1302 2262 ex
1323 2196 1407 2264 illius

290 2315 441 2380 sententia
457 2320 645 2404 ἐχθραίνειν
662 2336 717 2402 pro
735 2319 900 2403 ἐχθαίρειν
919 2323 986 2392 τοῖς
1000 2315 1074 2398 μεθ’
1088 2312 1233 2402 (Όμηρον
1251 2313 1409 2399 proprium

289 2452 366 2509 esse,
398 2436 432 2494 ut
458 2428 538 2494 idem
561 2429 604 2496 ait
627 2429 665 2495 ad
688 2428 745 2494 Od.
770 2430 789 2495 δ
813 2429 888 2495 105.
911 2465 955 2478 -
979 2426 1176 2504 Scribendum
1199 2427 1297 2513 igitur
1320 2427 1407 2514 apud

289 2543 492 2630 Thucydidem
511 2551 797 2633 Παναθηναιινὸς,
823 2549 1057 2631 Κοραυραιινός
1076 2542 1119 2625 l),
1142 2544 1190 2626 (ut
1206 2548 1288 2607 recte
1306 2542 1410 2608 oditur

292 2659 461 2738 Ἀναιῐτις
483 2665 515 2723 et
536 2656 724 2730 Ἀναιιτῶν
753 2664 784 2723 et
810 2655 1036 2740 Πλαταιίδα).
1064 2660 1245 2746 Θηβαιίόα,
1271 2667 1410 2746 Πειραι·

291 2786 376 2860 ικῆςι
402 2776 606 2863 Ἀνραιίδα,
631 2779 705 2839 cett.
931 2851 934 2858 ⁴

335 2889 407 2974 Cap.
433 2891 485 2956 91.
507 2892 715 2976 ἀντίπρωροι.
754 2888 793 2952 In
817 2897 928 2976 πρῷρα
952 2893 983 2952 et
1007 2886 1151 2951 derivabis
1172 2886 1236 2952 iota
1257 2886 1407 2973 subscrip·

290 3009 356 3069 tum
382 3025 542 3089 perperam
570 3001 709 3066 omittere
735 3001 835 3067 solent
859 3001 929 3067 libri
951 3000 1149 3086 Thucydidei.
1194 3000 1262 3066 Hac
1284 3023 1408 3087 qnoque

289 3119 323 3183 in
346 3142 377 3183 re
400 3141 507 3204 sequar
531 3117 753 3182 Grammaticos
776 3123 906 3195 veteres,
931 3138 1059 3201 quorum
1082 3115 1228 3202 placitum
1250 3117 1409 3187 confirmat

290 3233 427 3299 vocabuli
457 3233 541 3318 origo
570 3255 607 3297 ex
634 3239 788 3320 πρώειρα.
835 3230 874 3294 In
903 3229 993 3296 verbo
1015 3233 1105 3309 σώζω
1129 3231 1178 3313 (an
1205 3231 1310 3320 optol
1334 3230 1409 3296 scri-

291 3349 391 3413 bendo
414 3348 496 3433 ipsos
520 3353 634 3412 veteres
658 3346 717 3411 sibi
740 3368 800 3411 non
825 3345 996 3410 constitisse
1018 3344 1127 3410 efficias
1148 3366 1185 3409 ex
1206 3344 1338 3431 Etymol.
1361 3345 1408 3410 M.

289 3485 318 3548 p.
344 3465 424 3539 741,
450 3465 490 3527 27
519 3468 548 3525 et
574 3460 605 3525 in
632 3460 766 3545 antiquis
793 3460 1046 3545 inscriptionibus
1072 3460 1105 3524 id
1129 3458 1252 3524 verbum
1277 3465 1409 3546 utroque

290 3576 379 3642 modo
410 3574 566 3656 scribitur;
597 3581 780 3661 quapropter
803 3575 966 3660 quominus
991 3574 1023 3639 in
1049 3575 1107 3640 hoc
1130 3573 1222 3639 verbo
1246 3596 1409 3659 sequamur

323 3878 347 3938 1)
366 3876 469 3925 Ezechiel
485 3875 609 3939 Spanhaim
629 3873 723 3924 Obrero.
740 3875 767 3923 ιά
787 3874 924 3925 Callimachi
943 3876 1023 3940 Ιιχοια.
1040 3876 1066 3925 ιἰι
1083 3876 1168 3924 Delum
1186 3891 1219 3924 vs.
1240 3877 1301 3925 1562
1320 3877 1408 3934 ‚Veta-

290 3987 326 4019 res
352 3970 440 4018 insulae
464 3969 566 4027 nummi,
592 3968 681 4016 indubii
706 3983 732 4017 ac
756 3967 876 4016 domestici
902 3973 986 4026 testea,
1009 3972 1143 4017 constanter
1169 3966 1358 4020 Korma
1382 3977 1409 4021 et

290 4036 555 4114 KoPK'YPAmrv
572 4061 730 4124 praeterunt.'’
767 4061 817 4108 Has
836 4061 922 4108 tormer
944 4060 1026 4125 ubique
1046 4076 1089 4124 pro
1110 4061 1240 4130 Klpaupu
1260 4067 1316 4112 cett.
1338 4065 1408 4112 resti.

289 4155 385 4204 tuendas
403 4170 451 4203 csse
469 4152 594 4202 rectissime
610 4152 670 4201 idem
689 4152 801 4215 perhibet.
814 4152 911 4201 Frustra
929 4153 973 4201 viri
989 4152 1050 4201 docti
1062 4153 1217 4204 obmovernnt
1233 4156 1307 4204 locum
1319 4154 1407 4204 Eusta-

290 4249 332 4298 thii
350 4248 379 4297 ud
397 4247 494 4312 Dionys.
514 4245 604 4306 Periep.
627 4262 660 4295 vs.
672 4247 735 4305 495,
751 4246 814 4294 unde
832 4245 889 4295 nihil
907 4245 970 4294 aliud
987 4252 1098 4311 apparet,
1116 4246 1244 4311 qurmirm
1256 4246 1318 4295 illius
1330 4251 1410 4296 aetate

288 4340 359 4388 libror
378 4344 468 4388 veteres
485 4338 605 4386 fluctuasse
622 4337 685 4386 inter
703 4344 825 4401 utrpmque
842 4337 989 4400 scripturam.
1019 4337 1087 4402 Quod
1103 4339 1165 4388 enim
1183 4337 1247 4387 addit
1263 4338 1291 4387 de
1308 4343 1411 4401 utroque

290 4433 382 4483 nomine
399 4429 577 4494 distinguendo,
598 4430 648 4493 quis
665 4429 714 4478 sine
732 4434 791 4478 teste
808 4429 922 4492 Episcopo
938 4429 1032 4488 credat,
1050 4429 1164 4494 denegata
1182 4429 1225 4478 tide
1243 4429 1342 4479 malibus
1363 4428 1409 4478 do·

288 4525 389 4582 malicia
407 4528 478 4588 atque
495 4522 622 4573 indutiis?
