3166 5230
833 473 876 542 90

342 623 415 752 (λαμ.
434 669 475 734 89
498 673 573 732 extr.
597 665 642 732 01.
666 665 765 731 loeoI
789 668 848 744 68,
869 665 1006 729 lacunam
1030 686 1091 728 non
1115 664 1191 729 mele
1215 663 1258 727 sie
1273 662 1410 748 expleve-

297 782 356 846 ris}
380 788 448 848 έπεί
465 783 685 868 δημοκρατίαν
705 787 809 862 γεκαὶ
831 787 1066 866 ἐγιγνώσκομεν
1095 785 1126 848 οἱ
1146 780 1338 875 φρονοῦντές
1358 805 1409 858 τι,

297 903 351 962 καί
376 900 472 972 αὐτός
489 897 618 974 οὐδενὸς
633 903 676 964 ἂν
694 905 799 984 χεῖρον
819 899 883 978 όσορ
898 900 953 960 καί
975 895 1150 978 (μέγιστα
1174 894 1409 979 ἐγκλήματα

295 1010 384 1096 ἔχω)
414 1010 647 1094 λοιδορήσαιμι.

339 1121 414 1206 Cap.
443 1124 484 1189 90
508 1124 557 1204 §l
583 1128 659 1187 extr.
684 1125 797 1190 ἔπειτα
815 1130 869 1189 καὶ
891 1135 947 1205 τῆς
970 1123 1206 1209 Καρχηδονίων
1223 1125 1320 1209 ἀρχῆς
1345 1127 1409 1187 καὶ

295 1238 431 1303 αὐτῶν
459 1239 742 1320 ἀποπειράσοντες.
790 1236 873 1300 Male
900 1234 1011 1300 Reiske
1039 1236 1168 1300 coniecit
1194 1243 1247 1302 καὶ
1275 1241 1408 1323 Λιβύων

296 1348 341 1412 vel
357 1357 411 1416 καὶ
430 1356 636 1433 Αἰγυπτίων.
662 1351 788 1414 Sensus:
814 1351 866 1417 vet
892 1349 1039 1437 ίμσονυυι
1065 1347 1408 1436 θονίλοφίυίουσέιιυι,

295 1463 411 1548 populi
438 1470 506 1528 tam
532 1464 682 1549 potentis.
728 1464 835 1528 Malim
859 1470 959 1529 tumen
984 1471 1039 1532 καί
1067 1467 1174 1549 αὐτῆς.
1218 1464 1292 1528 ,Νοο
1313 1463 1410 1547 magis

295 1596 385 1658 quam
409 1577 518 1641 Reiske
540 1578 710 1642 audiendus
733 1586 778 1643 est
801 1577 838 1642 ud
862 1579 893 1645 h.
909 1579 930 1643 l.
956 1578 1084 1662 Krtiger.

339 1687 411 1773 Cap.
436 1691 475 1754 91
501 1698 578 1756 extr.
601 1695 740 1777 μάλιστα
757 1695 791 1760 δέ
805 1703 860 1777 τῆς
881 1698 945 1760 οίπό
969 1701 1034 1760 τῶν
1053 1698 1225 1780 ξυμμάχων
1250 1693 1409 1777 προσόδου

297 1796 404 1886 [ἧσσον
431 1806 714 1893 διαφορουμένης].
763 1807 838 1871 Dele
873 1807 1198 1891 interpretamentum,
1226 1805 1307 1890 quod
1332 1805 1410 1870 mela

296 1916 466 1982 Graecitate
499 1919 586 1984 facile
610 1921 757 2005 arguitur.
804 1919 957 1984 Graecum
989 1920 1068 1984 enim
1092 1920 1170 1983 foret
1192 1913 1288 2005 ἧσσον
1316 1943 1409 2004 προσ·

295 2023 412 2118 ιοιίόης.
438 2070 476 2080 -
508 2043 684 2121 Διαφορεῐν
707 2033 943 2100 Atheniensibus
967 2041 1014 2097 est
1037 2035 1228 2119 διαρπάζειν
1252 2054 1314 2096 σου
1338 2035 1411 2099 δια·

295 2150 451 2231 κομίζειν.
499 2148 620 2213 Ferrem
645 2156 764 2214 tamen:
788 2144 883 2234 ἧσσον
909 2151 954 2233 δὴ
978 2150 1220 2233 φερομένης.

239 2265 240 2268 ’
340 2259 413 2345 Cup.
439 2263 479 2327 92
503 2267 517 2346 5
542 2267 570 2328 1.
597 2266 669 2332 ουδὲ
696 2269 936 2332 ὑποπτεύεσθαι
959 2290 1021 2348 μου
1051 2269 1090 2338 ἐς
1114 2269 1188 2345 τὴν
1224 2262 1409 2344 φυγαδικὴν

294 2381 482 2462 προθυμίαν
504 2373 559 2446 ite
584 2381 691 2460 λόγον.
726 2382 775 2443 An
799 2384 838 2456 ές
860 2407 957 2447 τινα
982 2406 1057 2462 (puy.
1081 2376 1204 2463 προθί
1227 2376 1248 2444 †
1270 2376 1318 2442 Ib.
1340 2377 1357 2458 §
1378 2377 1408 2441 3·

294 2501 352 2575 τὴν
376 2496 448 2559 οὐκ
470 2491 596 2561 οὖσαν
620 2497 848 2562 α’νακτᾶσθαι.
896 2493 1069 2578 Opponitur
1091 2493 1138 2556 his
1163 2491 1260 2556 verbis
1276 2491 1307 2554 in
1324 2512 1410 2575 prae—

295 2605 403 2686 gressis
426 2617 446 2692 ἡ
469 2603 547 2674 οὖσα
574 2611 640 2686 ἔτι,
666 2630 758 2692 quare
781 2608 883 2672 malim
908 2615 967 2693 τὴν
989 2607 1124 2676 οὐκέτ’
1149 2603 1296 2685 οὖσαν,
1324 2627 1410 2690 prue-

294 2719 398 2782 sertim
422 2742 513 2805 quum
537 2721 598 2785 sint
619 2720 770 2786 obiectum
787 2722 868 2786 verbi
891 2726 1129 2791 ἀνακτᾶσθαι.
1167 2719 1212 2785 Of.
1229 2719 1247 2784 I
1264 2722 1305 2783 74
1321 2729 1409 2805 ἡμεῖς

294 2834 328 2899 δέ
350 2837 414 2900 α’πό
439 2863 471 2902 τε
495 2850 565 2923 τῆς
593 2843 664 2906 ουκ
690 2847 813 2924 οὔσης
838 2842 901 2906 έτι
927 2845 1104 2924 ὁρμώμενοι
1132 2844 1196 2904 κτὲ.

337 2947 410 3033 Cap.
436 2951 476 3014 93
502 2951 573 3030 §L
598 2951 693 3016 Recte
716 2965 852 3022 τοιαῦτα
876 2953 940 3018 eod.
964 2963 1000 3020 Η
1007 2973 1020 3032 ,·
1048 2950 1085 3015 ef.
1111 2954 1152 3017 88
1178 2957 1255 3015 extr.
1279 2956 1311 3014 et
1333 2949 1405 3013 edu.

292 3062 330 3126 ad
346 3062 391 3126 IV
409 3067 448 3129 21
467 3086 535 3148 pag.
554 3066 606 3131 52.
624 3105 665 3114 —
681 3069 694 3149 ό
711 3069 739 3132 2.
765 3066 984 3151 suppleverim:
1001 3072 1081 3133 ὥστε
1098 3079 1136 3150 τῇ
1152 3065 1208 3149 (τ’)
1222 3068 1409 3152 ἐπιτειχίσει

292 3187 346 3261 τῆς
380 3180 549 3258 Δεκελείας
583 3191 752 3269 προσεῖχον
779 3183 840 3268 ἤδη
879 3163 944 3248 τόν
966 3193 1044 3249 νοῦν
1080 3187 1134 3246 καί
1167 3191 1219 3264 τῷ
1256 3181 1322 3263 (pro
1356 3178 1409 3262 τό)

292 3299 477 3378 παραυτίκα
509 3302 563 3361 καὶ
591 3305 657 3372 τοῖς
681 3302 715 3364 ἐν
739 3307 779 3383 τῇ
803 3296 942 3381 Σικελίᾳ
971 3297 1110 3379 πέμπειν
1141 3300 1216 3362 τινὰ
1240 3299 1409 3380 τιμωρίαν.

292 3406 367 3470 Mox
391 3409 423 3471 in
446 3409 592 3493 eadent
639 3413 755 3488 (ποιεῖν
783 3416 846 3497 ὅπη
871 3417 994 3476 ἐκτῶν
1023 3418 1194 3496 παρόντων
1223 3409 1408 3493 μάλιστα

293 3529 347 3589 καί
367 3531 500 3612 τάχιστά
522 3551 570 3601 τις
591 3525 714 3605 ὠφελία
730 3529 798 3608 ηξει
823 3534 890 3601 τοῖς
908 3525 984 3606 ἐκεῖ)
1011 3546 1072 3588 non
1096 3525 1262 3608 spernenda
1285 3525 1409 3588 fortasse
1464 3561 1467 3569 ‹

291 3636 380 3702 lectio
412 3637 476 3704 cod.
515 3637 657 3702 Vaticani
682 3638 899 3705 κάλλιστα.
949 3637 994 3704 Cf.
1027 3661 1116 3724 snpra
1149 3661 1171 3704 ο.
1198 3640 1239 3705 38
1263 3640 1280 3722 ό
1305 3640 1341 3704 3:
1366 3643 1408 3716 ὡς

291 3747 348 3820 οὖν
377 3759 412 3820 έν
445 3760 533 3840 τάχει
567 3756 789 3838 παρεπομένων
813 3758 905 3839 όρᾶτε
929 3756 993 3822 α’πό
1018 3762 1083 3824 τῶν
1111 3760 1322 3841 ὑπαρχόντων
1344 3759 1407 3840 ότῳ

291 3873 399 3952 τρόπῳ
423 3866 610 3933 κάλλιστ’
630 3869 801 3951 α’μυνεῖπθ
818 3875 944 3944 αυτοιίς.
956 3907 1000 3918 -
1022 3872 1036 3951 ό
1054 3870 1084 3934 3.
1102 3868 1168 3932 dele
1185 3870 1323 3953 πέμπειν
1337 3873 1409 3953 post

292 3985 512 4050 διανοοῦνται.

335 4094 406 4179 Gap.
430 4096 480 4161 95.
506 4098 675 4164 ταλάντων
706 4099 762 4163 οὐκ
796 4099 931 4166 ἔλασσον
964 4101 1060 4166 πέντε
1093 4105 1147 4164 καί
1178 4102 1288 4164 είκοσι.
1335 4095 1409 4160 Post

292 4210 425 4276 ἔλασσον
450 4209 596 4272 excidisse
620 4210 738 4274 videtur
761 4211 866 4275 vocula
889 4222 909 4296 ἤ
921 4260 929 4288 ,
949 4232 1026 4294 quae
1044 4217 1122 4275 reete
1139 4210 1262 4276 additui·
1286 4233 1348 4295 cup.
1367 4212 1407 4276 97

293 4322 369 4387 med.
395 4331 426 4385 et
449 4322 522 4387 alibi
545 4324 733 4408 plerumque.
781 4325 817 4389 Iu
842 4347 905 4410 sqq.
931 4329 975 4393 οὐ
996 4329 1202 4416 κατέσχεν
1228 4327 1322 4411 sign:
1343 4345 1409 4391 nott

292 4444 456 4504 οεεοουιυε
479 4446 524 4505 eet
540 4439 754 4525 propositum.
801 4437 846 4504 Of.
871 4439 979 4525 Lysias
1002 4439 1055 4503 ΠΙ
1078 4442 1094 4526 t
1117 4440 1407 4526 42‚quem100um

293 4551 357 4615 sine
381 4574 470 4617 eausa
494 4552 609 4618 tentavi
635 4557 694 4618 An.
717 4551 791 4617 Crit.
813 4576 844 4638 p.
868 4554 920 4618 57.
