3190 5232
730 493 771 558 39

189 677 326 743 Atticum
349 701 413 744 esse
437 679 513 745 male
535 680 656 766 negavit
678 679 811 765 Krtiger.
845 681 924 747 Vide
946 681 1099 750 (lebetum
1122 684 1154 749 in
1171 685 1311 751 Mnemo-

188 813 260 877 syne
283 793 337 859 ΙΙΙ
360 817 390 880 p.
416 798 491 861 106.
516 793 531 868 l

231 908 305 993 Gap.
330 909 370 974 15
394 909 462 973 init.
487 915 517 976 οἱ
537 910 570 976 δὲ
592 912 848 995 Λακεδαιμόνιοι
868 911 937 994 [καὶ
956 917 988 978 οἱ
1004 914 1177 1002 ξύμμαχοι]
1198 915 1307 997 ἐπειδὴ

186 1030 339 1107 ἤκουσαν.
387 1022 485 1087 Verba
512 1052 542 1090 κ.
569 1053 597 1090 ο.
624 1029 654 1104 ξ.
680 1024 814 1089 iusitioia
843 1046 907 1088 esse
929 1025 996 1090 luoe
1021 1026 1130 1092 elarius
1152 1034 1310 1111 apparete

186 1160 269 1223 sqq.‚
292 1162 370 1225 quae
391 1140 628 1224 transpositione
654 1139 789 1204 sananda
812 1146 884 1205 sunt
905 1141 937 1203 in
958 1141 1040 1205 hune
1056 1139 1196 1204 modurn:
1214 1167 1309 1226 προσ-

143 1279 160 1318 ο
187 1254 353 1337 δεξάμενοι
374 1259 447 1330 τούς
466 1256 579 1336 λόγους
595 1258 778 1341 ξυμμάχους
795 1283 828 1322 τε
845 1261 918 1332 νοός
935 1260 1095 1344 Λεσβίους
1114 1262 1306 1341 ἐποιήσαντο

186 1373 241 1433 καὶ
265 1373 314 1446 ὡς
338 1376 621 1454 ποιησόμενοι
649 1376 709 1452 τὴν
733 1373 764 1447 ἐς
786 1377 844 1453 τὴν
871 1367 1033 1454 Ἀττικὴν
1058 1370 1193 1458 ἐσβολὴν
1217 1380 1307 1446 τοῖς

184 1507 225 1546 τε
245 1483 480 1570 ξυμμάχοις
511 1490 645 1568 παροῦσι
674 1490 759 1550 κατὰ
786 1493 882 1571 τάχος
914 1487 1052 1570 ἔφραζον
1083 1485 1168 1552 ἴέναι
1193 1488 1223 1561 ἐς
1250 1489 1306 1551 τόν

185 1599 301 1676 ἰσθμόν
336 1605 402 1671 τοῖς
435 1598 491 1662 δόο
526 1598 632 1682 με’ρεσι
664 1604 719 1663 καλ
747 1603 871 1666 αὐτοὶ
901 1605 1022 1684 πρῶτοι
1056 1603 1212 1682 ἀφίκοντο
1242 1604 1304 1664 κτὲ.

186 1706 338 1774 Venabula
359 1717 403 1787 ὥς
425 1719 629 1798 ποιησόμενοι
653 1711 740 1776 οοόό.
767 1712 880 1777 habent
903 1718 972 1797 post
994 1713 1122 1800 μέρεσιν
1152 1717 1306 1776 structura

184 1825 424 1910 impeditissima.
447 1826 496 1891 Ad
512 1826 658 1890 emblema
682 1827 719 1893 el.
735 1825 799 1892 VII
815 1829 857 1894 59
873 1828 917 1891 iu.
933 1826 1038 1910 ibique
1054 1825 1093 1890 V.
1111 1825 1148 1889 L.
1165 1831 1196 1890 et
1207 1823 1303 1909 Kriig.

228 1937 336 2024 †Oap.
361 1943 401 2004 17
426 1943 443 2025 ό
466 1943 496 2005 1.
522 1946 557 2009 ἐν
581 1951 647 2019 τοῖς
667 1942 817 2010 πλεῖσται
836 1944 873 2025 δὴ
892 1952 963 2026 νῆες
978 1941 1033 2025 ἅμ’
1050 1942 1159 2017 αὐτοῖς
1181 1945 1303 2023 ἐνεργοὶ

184 2055 331 2122 κάλλει
357 2057 517 2137 ἐγένοντο.
563 2055 705 2140 Suspicor
724 2057 824 2122 ἄλλαι
841 2057 970 2143 άλληῒ
1007 2054 1082 2119 Fere
1097 2052 1200 2118 eadem
1218 2051 1304 2117 Stahl

183 2168 217 2232 in
249 2169 356 2233 Museo
388 2168 534 2233 Rhenano
567 2169 644 2233 XVI
674 2192 703 2254 p.
730 2172 789 2248 62,
821 2176 857 2232 ut
880 2168 1041 2232 admoneor
1063 2190 1080 2230 a
1101 2165 1234 2231 Nubere.
1261 2203 1305 2214 -

183 2280 255 2366 (lap.
274 2282 352 2347 med.
371 2284 540 2371 δίδραχμοι
557 2285 689 2350 ὁπλῖται
706 2289 881 2369 ἐφρούρουν
897 2283 996 2369 (αὐτῷ
1013 2289 1074 2369 γὰρ
1092 2289 1145 2348 καλ
1162 2283 1304 2367 ὑπηρέτῃ

184 2400 329 2484 dpaxplpa
351 2399 511 2484 ἐλάμβανε
533 2408 597 2481 τῆς
614 2399 754 2483 ἡμέρας).
777 2396 931 2460 Fortasse:
952 2397 1115 2485 ἐλάμβανέ
1133 2395 1222 2479 (τις)
1236 2404 1306 2479 τῆς

183 2513 312 2596 ἡμέρας.
360 2510 486 2595 Saepius
510 2518 611 2576 autem
632 2518 680 2587 τὶς
700 2510 781 2596 apud
801 2518 939 2575 nostrum
957 2510 1082 2596 ponitur
1096 2532 1151 2595 pro
1173 2512 1305 2588 ἕκαστος

182 2646 210 2686 v.
227 2645 252 2688 υ.
278 2623 325 2686 VI
349 2628 407 2688 31:
432 2617 459 2712 ᾧ
481 2654 530 2704 τις
557 2626 719 2711 [ἕκαστος]
745 2635 969 2715 προσετάχθη,
988 2625 1041 2690 ubi
1058 2625 1194 2690 deleatur
1209 2624 1304 2689 inter-

115 2807 117 2815 *
181 2744 405 2824 protumentum
429 2762 497 2805 oum
520 2739 667 2824 Kriigero.
698 2740 744 2805 Of.
760 2747 863 2805 tamen
879 2741 969 2828 LStein
989 2739 1026 2804 ad
1048 2733 1167 2805 Herodi
1187 2739 1205 2802 I
1229 2741 1302 2805 195.

227 2853 301 2939 Cap.
335 2858 374 2920 21
407 2858 466 2940 §4
500 2855 642 2920 voeabula
667 2860 698 2923 οἱ
720 2859 895 2924 ἑκκαίδεκα
918 2857 1012 2934 πόδες
1037 2877 1073 2919 eo
1103 2853 1303 2918 confidentius

183 2965 306 3047 delebo,
342 2969 424 3052 quod
455 2969 503 3033 vel
538 2967 713 3050 Classem,
739 2968 809 3033 viro.
830 2969 955 3034 minime
980 2967 1142 3053 suspioaoi,
1167 2973 1304 3050 suspecta

181 3091 263 3148 sunt.
312 3083 370 3148 Sed
394 3084 453 3148 alia
477 3091 548 3148 sunt
571 3106 648 3168 quae
674 3084 772 3148 aliena
795 3105 904 3148 manus
926 3081 1057 3146 affricuit
1077 3081 1183 3146 vicinis
1203 3081 1302 3145 hisee:

181 3202 236 3266 διὰ
260 3201 339 3267 δέκα
360 3197 390 3266 δ’
415 3200 576 3278 ἐπάλξεων
606 3207 721 3286 πύργοι
744 3199 824 3284 ἦσαν
840 3199 972 3284 μεγάλοι
994 3203 1048 3264 καὶ
1062 3197 1300 3280 ιὀοπλατεῖςτῲ

181 3316 297 3399 τείχει,
319 3314 485 3395 διήκοντες
510 3316 541 3389 ἔς
565 3319 652 3380 τετὸ
676 3317 737 3380 ε’σοο
759 3315 908 3396 με’τοοπον
933 3313 1031 3378 αὐτοῦ
1057 3311 1141 3394 [καὶ]
1162 3314 1193 3375 οἱ
1208 3314 1300 3377 αὐτοὶ

182 3431 237 3492 καὶ
264 3432 358 3502 iord
384 3429 462 3504 ἔξω,
486 3430 565 3496 ὥστε
589 3428 732 3512 πάροδον
755 3434 796 3511 μὴ
821 3425 905 3493 εἶναι
931 3425 1031 3510 [παρὰ
1055 3425 1192 3510 πύργον]
1217 3425 1301 3490 ἀλλὰ

181 3541 224 3606 δι’
250 3545 357 3608 αὐτῶν
382 3543 484 3624 μέσον
502 3545 627 3629 διῇσαν.
651 3538 808 3605 Emblema
822 3546 910 3626 παρά
924 3545 1048 3626 πυργόν
1063 3537 1176 3602 detexit
1187 3536 1299 3602 Naber.

224 3653 298 3738 (lap.
323 3656 365 3719 23
396 3656 413 3739 d
442 3659 470 3720 1.
501 3662 554 3722 καλ
585 3657 744 3741 κλίμακας
770 3654 970 3739 προσθέντες
997 3656 1061 3720 ἀπὸ
1092 3660 1147 3719 τοῦ
1175 3655 1299 3737 τείχους

180 3777 248 3845 τοῖς
270 3775 404 3852 πύργοις
428 3774 482 3834 καὶ
500 3773 802 3856 ἐπαναβιβάσαντες
817 3769 942 3852 ἄνδρας
966 3768 1161 3841 πλείους,
1189 3770 1219 3831 οἱ
1240 3770 1299 3850 μὲν

183 3881 260 3963 [dard
291 3887 355 3950 τῶν
390 3885 534 3969 πόργιον]
568 3886 641 3958 rode
673 3887 933 3969 ἐπιβοηθοῦντας
969 3888 1023 3947 καὶ
1059 3889 1206 3946 κάτωθεν
1243 3885 1298 3945 καὶ

179 4003 312 4064 ἄνωθεν
338 3993 443 4082 εἶργον
468 3998 659 4085 βάλλοντες,
686 3999 717 4064 οἱ
741 3998 769 4062 δ’
792 4001 826 4064 ἐν
851 4003 954 4081 τούτῳ
981 3995 1025 4077 [oi
1048 3995 1193 4078 πλείους]
1218 3995 1299 4060 πολ-

180 4110 237 4187 λός
268 4113 464 4194 προσθέντες
499 4111 659 4194 κλίμακας
687 4149 731 4158 -
754 4114 982 4198 ὑπερέβαινον.
1022 4108 1121 4173 Verba
1146 4114 1210 4176 άπὸ
1232 4116 1296 4178 τῶν

179 4231 310 4310 πυργων
335 4223 438 4288 addita
462 4223 605 4288 videntur
628 4246 644 4288 e
667 4247 730 4308 cap.
755 4223 872 4302 medie,
899 4223 951 4288 ubi
976 4223 1142 4288 rectissime
1169 4221 1297 4286 habeut:

179 4344 209 4404 oi
235 4343 299 4406 οἷπό
325 4349 391 4406 τῶν
423 4345 552 4424 πόργοον
578 4339 724 4426 χαλεπῶς
750 4340 796 4424 [οἱ
814 4338 899 4424 dele]
927 4341 1108 4408 τελευταῖοι
1137 4341 1297 4423 καταβαί-
1335 4418 1343 4430 ¹

183 4479 293 4528 νοντες
328 4458 469 4540 ἐχώρουν
506 4458 559 4519 ἐπὶ
589 4459 647 4535 τὴν
675 4461 808 4538 τάφρον.
854 4451 919 4533 Qui
941 4452 1014 4516 olim
1037 4453 1097 4516 ista
1119 4451 1293 4535 adscripsit,

183 4585 244 4628 nou
278 4573 432 4630 assecutus
463 4572 509 4629 est
542 4573 672 4630 mentem
695 4567 844 4644 auctoris,
868 4567 917 4631 cui
939 4571 1051 4652 οἱμὲν
1076 4573 1149 4631 sunt
1173 4587 1293 4644 omues,
