3190 5232
818 501 859 567 ld

283 687 346 754 VII
371 691 411 755 33
436 695 467 757 oi
489 695 645 777 πρότερον
666 697 909 778 περιορώμενοι.
936 691 1024 756 Adde
1048 692 1139 757 Dion.
1164 692 1197 755 O.
1221 691 1342 756 XLVII
1359 694 1401 758 33

227 791 229 794 ¹
281 807 298 889 b
323 808 358 883 1,
384 803 525 869 XLVIII
550 807 592 868 24
614 806 631 889 b
654 805 689 882 5,
714 804 759 868 LI
783 809 824 870 24
848 807 866 890 b
891 809 919 871 1.
944 805 1114 872 Infeliciter
1138 808 1212 873 olim
1237 807 1301 872 h.l.
1327 815 1402 872 trac·

283 921 383 986 tabam
419 921 527 986 Exere.
563 919 639 986 Orit.
659 944 687 1006 p.
711 921 785 986 153.
832 920 890 984 His
915 922 1035 1008 scriptis
1055 924 1143 988 video
1169 923 1275 1001 huius,
1301 923 1402 1008 siqui

283 1043 348 1112 est,
370 1036 487 1101 inventi
510 1036 654 1101 honorem
679 1034 845 1099 cedendum
871 1036 945 1100 mihi
970 1060 1033 1101 esse
1056 1038 1193 1140 Βοοροο,
1219 1059 1275 1102 nec
1298 1045 1401 1103 tamen

284 1152 395 1236 scripta
419 1151 523 1229 deleo,
547 1150 618 1235 quia
642 1156 828 1235 quantocyus
852 1150 1018 1217 certissima
1039 1152 1210 1217 emendatio
1230 1154 1264 1217 in
1283 1160 1400 1218 textum

283 1267 454 1351 recipienda
480 1266 607 1330 videtur.

326 1380 397 1466 (lap.
423 1381 464 1445 32
487 1383 504 1465 δ
526 1384 552 1446 2.
581 1388 635 1448 καί
667 1380 838 1465 Ἀργείων.
863 1378 1007 1443 Notanda
1030 1381 1220 1464 quorundam
1240 1381 1400 1460 librorum,

282 1493 312 1557 in
345 1491 456 1576 quibus
487 1499 532 1556 est
563 1492 660 1556 Italus
690 1492 930 1577 antiquissimus,
963 1495 1113 1581 scriptura
1138 1500 1307 1583 κοίργείων.
1353 1497 1400 1562 Ib.

284 1608 422 1690 Δηλίους
454 1609 487 1672 δι’
517 1616 702 1689 κατήγαγον
729 1608 829 1675 πάλιν
856 1608 901 1690 [ἐς
926 1610 1061 1694 Ailou}
1108 1611 1258 1676 Additum
1285 1614 1397 1691 πάλιν,

283 1721 341 1784 etsi
364 1721 465 1785 omitti
488 1726 643 1805 potuerat,
669 1720 732 1784 noli
757 1720 930 1785 sollicitare.
978 1722 1127 1788 Similiter
1162 1724 1245 1790 enim
1279 1726 1340 1790 dici
1363 1748 1401 1790 ex

283 1834 495 1920 Aristophanis
511 1834 601 1900 Pluto
618 1858 645 1900 v.
663 1857 688 1899 c.
705 1842 825 1899 constat
848 1837 1075 1924 ἀναβλέπειν
1097 1840 1225 1918 πάλιν,
1250 1861 1287 1903 ex
1308 1839 1400 1904 Ranis

283 1955 491 2037 ἀναβιῶναι
517 1950 658 2027 πάλιν,
683 1949 793 2014 similia
819 1951 924 2016 multa.
971 1951 1009 2015 In
1026 1952 1138 2018 vicinia
1154 1956 1207 2038 §4
1227 1946 1399 2040 suspectum

282 2063 378 2128 habeo
401 2067 490 2140 ἅπαξ
514 2066 699 2149 εἰρημένον.Ι
718 2072 775 2141 τὰς
800 2067 992 2154 δεχημέρους
1017 2072 1295 2148 ἐπισπονδάς,
1324 2091 1400 2154 quae

282 2177 353 2242 alibi
377 2185 551 2244 constanter
581 2182 764 2247 σπονδαί
787 2179 926 2245 audiunt.
974 2179 1163 2264 Praepositio
1188 2189 1290 2247 autem
1321 2191 1403 2251 dm

282 2293 425 2358 facillime
460 2293 665 2378 dittographia
696 2294 781 2358 nasei
811 2294 917 2378 potuit
952 2317 967 2358 e
999 2295 1104 2378 primis
1135 2296 1231 2360 literis
1263 2298 1402 2363 vocabuli

239 2445 241 2448 ·
286 2413 513 2479 CHONAAO.
561 2408 721 2491 Rescripto
745 2430 813 2472 vero
837 2412 979 2488 σπονδάς
1003 2417 1110 2494 sponte
1132 2419 1260 2497 apparet
1280 2413 1312 2477 in
1329 2413 1402 2498 ipsis

283 2520 380 2586 verbis
412 2522 607 2605 sequentibus
633 2522 791 2587 delendum
816 2545 881 2587 esse
910 2527 1106 2594 σπονδῶν
1134 2533 1202 2610 post
1224 2557 1402 2617 πεντηκον-

283 2639 487 2705 ταετίδων
513 2638 546 2721 (l.
571 2640 977 2725 πεντηκοντουτίδων).

327 2755 400 2839 Cap.
425 2757 466 2822 35
491 2759 507 2842 δ
523 2759 552 2822 3.
580 2763 703 2826 τούτων
721 2753 777 2826 οὖν
793 2763 932 2844 ὁρῶντες
948 2761 979 2824 οί
1002 2758 1188 2845 Ἀθηναῖοι
1205 2757 1300 2824 οὐδὲν
1318 2736 1401 2843 ἕρίῲ

282 2879 472 2955 γιγνόμενον
503 2877 703 2939 ύπετόπευον
738 2871 770 2953 (l.
800 2873 995 2954 ὑπετόπουν)
1029 2874 1131 2958 μηδὲν
1166 2873 1295 2938 δίκαιον
1333 2874 1400 2939 δια-

282 2993 430 3051 νοεῖσθαι
454 2987 533 3050 ὥστε
554 2989 625 3051 οὔτε
643 2985 755 3050 Πύλον
779 2987 1006 3052 ἀπαιτούντων
1026 2985 1163 3069 [αὐτῶν]
1182 2988 1398 3056 οἰπεδίδοσαν.

282 3098 453 3161 Pronomen
478 3105 558 3162 recte
581 3098 730 3162 omittunt
753 3097 838 3163 codd.
864 3096 954 3161 LOP.

326 3211 399 3296 Cap.
425 3214 465 3278 36
490 3213 507 3296 b
532 3215 560 3279 1.
591 3215 705 3296 λόγους
733 3222 904 3281 ποιοῦνται
933 3215 1045 3289 ι’δίονς.
1074 3211 1141 3276 Imo
1167 3214 1253 3298 ι’δίηι,
1278 3219 1314 3276 ut
1342 3234 1402 3277 rec·

282 3326 397 3390 tissime
424 3326 570 3392 exhibent
591 3327 685 3391 iidem
708 3326 787 3390 libri.
834 3325 879 3390 Cf.
906 3327 931 3387 ll
956 3330 998 3392 42
1024 3330 1115 3412 ἰδίη
1139 3331 1324 3415 ξυμμαχίαν
1345 3355 1401 3395 πε-

282 3445 448 3528 ποίηνται,
466 3440 512 3503 VI
524 3444 566 3507 46
593 3445 630 3509 ld
641 3447 682 3526 ίᾳ
699 3445 832 3520 ξενίσας
853 3450 1051 3525 ποιούμενοι,
1065 3441 1099 3504 Π
1117 3443 1157 3507 16
1184 3444 1220 3509 οὐ
1245 3445 1401 3534 ῥηιδίως

281 3561 338 3632 τὰς
367 3564 617 3638 μεταναστάσεις
645 3565 815 3635 ποιοῦντα,
841 3556 888 3621 Ib.
914 3558 956 3621 34
980 3559 1144 3644 δημοσία
1167 3563 1271 3639 ταφὰς
1296 3561 1402 3639 ἐποιη-

281 3694 380 3736 σαντο
415 3669 479 3752 (ubi
506 3671 539 3734 in
567 3670 748 3755 quibusdam
773 3671 851 3736 male
873 3671 986 3756 legitur
1004 3672 1177 3756 δημοσίας)
1206 3670 1304 3734 etita
1329 3693 1402 3734 con·

282 3790 407 3847 stanter.
455 3783 528 3858 rib.
555 3788 569 3868 i
593 3787 612 3850 3
637 3786 897 3870 transponendum
921 3786 1070 3871 suspicor:
1095 3789 1144 3852 οἰεί
1170 3786 1308 3862 καλῶς
1331 3789 1402 3870 ηπί-

282 3926 399 3968 σταντο
425 3900 494 3981 (i.e.
518 3900 618 3986 probe
640 3904 814 3985 noverant)
907 3905 992 3984 σφίσι
1017 3904 1128 3982 φίλιον
1153 3904 1357 3982 γενέσθαι.ῒ

324 4012 423 4100 lOap.
448 4016 489 4079 38
513 4018 575 4100 bl.
600 4023 636 4083 τὸ
654 4022 714 4100 γὰρ
731 4019 809 4083 αὐτὸ
828 4020 1015 4083 ἐποίουν.
1048 4014 1171 4079 Conieci
1189 4018 1399 4083 ἔσπευδον

280 4151 319 4192 so.
345 4141 412 4208 τοῖς
437 4139 604 4208 Βοιωτοῖς.
631 4128 694 4214 [Cf.
711 4128 757 4193 VI
783 4132 824 4194 10
844 4133 886 4214 et]
913 4151 1001 4212 supra
1026 4151 1089 4214 cap.
1112 4132 1152 4195 37
1173 4131 1233 4215 [ἐς]
1252 4137 1292 4197 τὰ
1308 4136 1402 4215 ὁμοῖα

280 4246 489 4322 σπεύδειν,
518 4244 569 4309 ubi
594 4251 674 4308 recte
697 4243 818 4329 Kriiger
841 4243 1278 4346 delevitxpraepositionem.†

324 4357 396 4442 Oap.
426 4361 468 4423 42
500 4360 517 4443 b
545 4363 574 4424 2.
610 4365 671 4428 ὑπὸ
709 4358 789 4443 [τῶν
826 4363 998 4445 Βοιατῶν]
1033 4363 1154 4430 αίτῶν.
1207 4357 1257 4424 Ab
1293 4357 1404 4444 ipsis

282 4472 411 4538 Boeotis
442 4495 502 4536 non
533 4472 647 4556 patitur
670 4475 833 4552 sententia,
865 4475 934 4557 quia
963 4475 1040 4539 nulli
1074 4475 1126 4539 alii
1158 4474 1271 4560 populo
1296 4472 1402 4536 Boeoti

283 4585 313 4655 h.
330 4586 350 4651 l.
373 4594 575 4676 opponuntur.
602 4586 702 4667 Quare
714 4608 823 4651 nomen
840 4586 995 4672 proprium
1011 4588 1159 4672 glossema
1176 4611 1240 4654 esse
1256 4588 1401 4672 suspicor.
