3166 5230
700 510 762 573 141

172 701 306 778 bamus,
329 700 389 766 i.e.
413 719 474 764 nou
499 721 597 777 nuuc,
622 698 674 762 sed
698 697 901 762 remotissimo
920 697 1022 782 aliquo
1038 705 1182 781 tempore.
1209 695 1290 759 Aliis

170 815 271 880 verbis
294 814 426 878 Pericles
449 813 506 877 hoc
530 811 626 877 dicere
650 811 756 876 debet:
781 819 809 879 εἰ
829 819 883 878 καὶ
905 814 985 895 αὐτὴ
1002 820 1043 895 μὴ
1065 814 1168 886 α’ίὸιος
1187 814 1288 877 ἔσται.

215 929 291 1016 Cap.
314 933 354 996 67
379 933 393 1013 t
417 933 449 993 2.
476 928 508 991 Si
532 927 675 992 vocabula
692 929 860 994 Σιτάλκου
881 933 951 995 υἱόν
975 925 1105 1010 genuina
1129 937 1201 989 sunt
1224 925 1289 1006 (ab-

169 1066 236 1108 esse
258 1051 401 1128 poterant
425 1050 547 1128 propter
569 1039 1111 1125 1129)recussiehuerpungatur:
1140 1046 1195 1107 τὸν
1222 1047 1289 1105 Σά·

170 1160 284 1237 δοκόν,
310 1163 365 1225 τόν
390 1159 602 1243 γεγενημένον
630 1153 822 1242 Ἀθηναῖον
843 1156 1011 1222 Σιτάλκου
1030 1161 1114 1235 υἱόν,
1133 1160 1205 1231 τούς
1223 1162 1289 1220 κτὲ.

171 1271 229 1336 Sin
252 1271 353 1337 miuus
377 1270 473 1349 enim,
501 1269 556 1334 Th.
584 1268 768 1354 scripsisset:
793 1274 944 1337 πείθουσι
968 1270 1120 1338 Σάδοκον
1148 1275 1204 1338 τὸν
1229 1279 1289 1336 Σι-

170 1387 312 1465 τάλκου,
337 1392 392 1454 τόν
413 1386 626 1470 γεγενημένον
646 1381 841 1470 Ἀθηναῖον
867 1392 932 1451 κτὲ.

218 1499 292 1582 Peg.
318 1500 359 1565 33
382 1498 421 1562 ad
446 1501 485 1564 71
511 1506 585 1564 extr.
632 1498 706 1562 Post
726 1497 1028 1578 ''Halicarnasensiff
1055 1497 1132 1560 adde
1153 1504 1203 1576 pet
1222 1519 1289 1582 pars

171 1613 345 1679 codicum.’'

220 1727 267 1792 Ih.
291 1728 327 1791 ad
352 1729 393 1792 73
416 1730 432 1814 d
457 1732 488 1793 2.
533 1727 607 1792 Post
632 1727 803 1811 ''speciose''
838 1726 914 1790 adde
947 1749 1022 1806 „neo
1049 1732 1149 1790 tamen
1172 1747 1209 1789 ex
1233 1748 1289 1789 usu

171 1841 397 1926 Thucydidis.’'

218 1955 291 2040 Cap.
316 1957 355 2022 75
380 1961 454 2021 extr.
482 1955 641 2033 διελόντες
665 1969 720 2024 τοῦ
744 1961 868 2043 τοίχους
887 1949 907 2042 ᾖ
927 1958 1123 2040 προσέπιπτε
1143 1962 1179 2024 τό
1201 1969 1291 2044 χῶμα

170 2079 404 2154 ἐσεφόρουν
430 2076 488 2153 τὴν
513 2080 585 2152 γῆν.
624 2069 729 2133 Minus
753 2069 896 2154 ambigue
919 2070 1111 2155 Thucydides
1137 2070 1291 2156 scripsisse

170 2185 250 2249 mihi
273 2184 410 2248 videtur:
444 2186 518 2251 ἔσω
550 2190 728 2268 ἐφόρουν
760 2192 819 2267 τὴν
850 2197 921 2268 γῆν.
968 2184 1037 2264 Quo
1061 2184 1146 2250 ducit
1168 2185 1291 2249 fortasse
1353 2189 1354 2194 ’

170 2298 319 2362 librorum
344 2297 533 2382 quorundam
556 2298 705 2383 scriptura
729 2305 969 2383 ἐσοφόρουν.

221 2409 268 2478 Π).
292 2411 329 2475 ad
354 2414 405 2476 74.
452 2413 489 2476 Iu
514 2411 561 2475 his
585 2413 622 2497 δη·
647 2434 716 2475 curn
742 2409 884 2499 Kriigero
908 2411 1010 2497 scripsi
1033 2433 1087 2496 pro
1111 2415 1156 2480 δέ.

216 2525 289 2611 Cap.
316 2527 423 2594 83111.
470 2538 525 2596 τοῦ
557 2533 718 2611 Κρισαίου
751 2527 914 2612 [κόλπου].
963 2526 1029 2590 Vox
1058 2527 1174 2592 inclusa
1204 2527 1290 2592 abest

168 2665 188 2704 a
215 2639 302 2705 libris
326 2641 523 2727 quibusdam,
546 2664 607 2705 non
633 2664 749 2718 errore,
774 2650 810 2707 ut
836 2642 952 2728 opinor.
999 2641 1046 2709 Of.
1075 2643 1128 2708 III
1152 2645 1214 2709 107
1239 2643 1290 2706 in:

169 2764 233 2825 τόν
264 2753 496 2841 Ἀμπρακικόν
524 2756 674 2842 [κόλπον]
700 2756 803 2840 ibique
827 2756 864 2820 V.
889 2756 923 2822 L.
964 2756 1092 2820 Difficile
1116 2757 1202 2821 dictu
1226 2767 1291 2834 est,

170 2871 294 2956 quoties
328 2870 536 2935 huiuscemodi
569 2870 785 2935 additamentis
809 2871 961 2957 genuinus
978 2871 1151 2938 Atticorum
1168 2872 1288 2936 dicendi

171 3007 249 3049 usus
273 2985 313 3048 sit
336 2969 524 3050 obliteratus.

217 3099 289 3186 Cap.
313 3102 354 3168 85
379 3106 456 3165 extr.
483 3109 537 3168 not
552 3104 608 3170 ὑπ’
624 3105 750 3188 ἀνέμων
771 3109 920 3188 suspectat
936 3101 1065 3188 Krdger.
1092 3106 1134 3166 At
1151 3102 1189 3166 cf.
1206 3101 1286 3166 VIII

170 3335 356 3409 οὶπ-νοίας
377 3353 431 3416 pro
452 3333 645 3411 ἀπλοίας.
691 3335 826 3397 Affertur
848 3341 1011 3400 ἄπνοια
1040 3355 1056 3395 e
1084 3331 1288 3416 Theophrasto

171 3468 197 3508 c.
222 3443 262 3530 pl.
286 3445 320 3509 Π
345 3447 362 3508 7
389 3447 405 3528 d
430 3445 449 3509 5
473 3451 504 3509 et
524 3445 650 3530 Polybio
674 3446 815 3512 XXXIV
840 3451 893 3513 11.
940 3449 1032 3512 Recte
1054 3471 1092 3513 an
1111 3471 1194 3512 secus
1214 3448 1290 3511 Her-

173 3581 265 3624 mann
287 3559 425 3644 Euripidi
447 3562 473 3626 I.
487 3560 524 3623 T.
548 3563 589 3626 15
610 3561 802 3627 restituebat:
829 3565 935 3648 δεινῆς
955 3561 984 3631 δ’
1005 3567 1172 3641 οἰπνοίας
1196 3591 1292 3631 πνευ-

169 3685 282 3762 μάτων
307 3677 333 3743 τ’
357 3679 394 3744 οό
418 3685 597 3765 τυγχάνων.

219 3789 288 3876 Cap.
316 3793 368 3857 87.
392 3799 485 3877 ἠμὲν
502 3793 660 3877 γενομένη
677 3796 843 3880 ναυμαχία
856 3797 939 3859 -si'
962 3821 1021 3872 τις
1043 3801 1108 3878 ἄρα
1130 3791 1173 3860 δι’
1186 3795 1288 3876 αυτὴν

170 3911 261 3990 ὑμῶν
285 3911 433 3994 φοβεῖται
450 3914 508 3989 τὴν
521 3906 718 3990 μέλλουσαν,
736 3909 806 3996 οὐχὶ
831 3909 1009 3976 δικαίαν
1034 3911 1099 3997 ἔχει
1116 3910 1288 3994 τέκμαρσιν

171 4025 219 4088 τό
243 4025 428 4107 ἐκφοβῆσαι.
475 4018 651 4085 Infinitivus
674 4019 723 4082 vix
746 4018 867 4084 aliunde
883 4029 970 4105 aptus
986 4043 1050 4084 esse
1073 4031 1174 4107 potest
1200 4045 1289 4108 quarn

174 4158 212 4199 ex
233 4133 380 4198 adieetivo
409 4138 558 4212 δικαίαν,
587 4158 678 4219 quare
703 4135 893 4200 scribendum
921 4137 1056 4222 suspicor
1080 4142 1209 4207 αυτόν
1243 4143 1290 4204 ἐκ·

170 4255 312 4338 φοβῆσαι
337 4249 357 4312 i.
374 4272 399 4315 e.
421 4269 486 4315 υου
510 4249 540 4316 ei
563 4250 767 4317 coniecturae
784 4272 900 4318 cusum
916 4251 990 4331 dot,
1018 4273 1104 4342 quoe
1127 4252 1200 4320 iore
1218 4273 1290 4319 ουυι
1410 4245 1412 4256 ’

172 4370 309 4430 terreat.
356 4363 416 4426 Vix
449 4364 558 4428 sufficit
585 4395 643 4452 τῳ,
677 4365 757 4451 quod
787 4390 841 4451 pro
873 4375 908 4435 τὸ
935 4368 1033 4432 lenius
1061 4389 1130 4431 saue
1163 4366 1291 4431 coniecit

172 4477 307 4561 Kriiger.

221 4592 295 4680 Pag.
320 4593 361 4658 35
386 4592 424 4656 ad
448 4595 491 4660 84
515 4595 531 4678 b
556 4597 585 4660 2.
632 4597 713 4663 ‘Tuo
733 4596 792 4660 iam
817 4597 954 4686 Kriigero
977 4598 1064 4661 video
1087 4596 1243 4686 placuisse.
