<?xml version="1.0" encoding="UTF-8"?>
<!DOCTYPE html PUBLIC "-//W3C//DTD XHTML 1.0 Transitional//EN"
    "http://www.w3.org/TR/xhtml1/DTD/xhtml1-transitional.dtd">
<html xmlns="http://www.w3.org/1999/xhtml" xml:lang="en" lang="en">
 <head>
  <title>
</title>
<meta http-equiv="Content-Type" content="text/html;charset=utf-8" />
  <meta name='ocr-system' content='tesseract 3.04.00' />
  <meta name='ocr-capabilities' content='ocr_page ocr_carea ocr_par ocr_line ocrx_word'/>
</head>
<body>
  <div class='ocr_page' id='page_1' title='image "./studiathucydide00herwgoog_0077.png"; bbox 0 0 3190 5232; ppageno 0'>
   <div class='ocr_carea' id='block_1_1' title="bbox 835 441 877 504">
    <p class='ocr_par' dir='ltr' id='par_1_1' title="bbox 835 441 877 504">
     <span class='ocr_line' id='line_1_1' title="bbox 835 441 877 504; baseline -0.024 0"><span class='ocrx_word' id='word_1_1' title='bbox 835 441 877 504; x_wconf 88' lang='grc'>64</span> 
     </span>
    </p>
   </div>
   <div class='ocr_carea' id='block_1_2' title="bbox 293 626 1416 1266">
    <p class='ocr_par' dir='ltr' id='par_1_2' title="bbox 293 626 1416 1266">
     <span class='ocr_line' id='line_1_2' title="bbox 295 626 1412 721; baseline 0.01 -29"><span class='ocrx_word' id='word_1_2' title='bbox 295 629 380 714; x_wconf 70' lang='grc' dir='ltr'><strong><em>ἔχειν</em></strong></span> <span class='ocrx_word' id='word_1_3' title='bbox 405 631 471 692; x_wconf 81' lang='grc' dir='ltr'><strong><em>τῶν</em></strong></span> <span class='ocrx_word' id='word_1_4' title='bbox 504 627 655 712; x_wconf 76' lang='grc' dir='ltr'><strong><em>χρυσείων</em></strong></span> <span class='ocrx_word' id='word_1_5' title='bbox 681 626 874 712; x_wconf 73' lang='grc' dir='ltr'><strong>[μετάλλων]</strong></span> <span class='ocrx_word' id='word_1_6' title='bbox 908 633 1058 713; x_wconf 76' lang='grc' dir='ltr'><strong><em>ἐργασίας</em></strong></span> <span class='ocrx_word' id='word_1_7' title='bbox 1083 638 1118 699; x_wconf 82' lang='grc' dir='ltr'>έν</span> <span class='ocrx_word' id='word_1_8' title='bbox 1145 645 1185 721; x_wconf 81' lang='grc' dir='ltr'><strong><em>τῇ</em></strong></span> <span class='ocrx_word' id='word_1_9' title='bbox 1211 644 1285 721; x_wconf 86' lang='grc' dir='ltr'><strong><em>περὶ</em></strong></span> <span class='ocrx_word' id='word_1_10' title='bbox 1310 646 1412 705; x_wconf 78' lang='grc' dir='ltr'><strong><em>ταῦτα</em></strong></span> 
     </span>
     <span class='ocr_line' id='line_1_3' title="bbox 296 740 1414 838; baseline 0.006 -31"><span class='ocrx_word' id='word_1_11' title='bbox 296 748 404 830; x_wconf 81' lang='grc' dir='ltr'><strong><em>Θράκη</em></strong></span> <span class='ocrx_word' id='word_1_12' title='bbox 433 747 498 806; x_wconf 79' lang='grc' dir='ltr'>κτὲ.</span> <span class='ocrx_word' id='word_1_13' title='bbox 545 740 690 804; x_wconf 86' lang='lat' dir='ltr'>Veterum</span> <span class='ocrx_word' id='word_1_14' title='bbox 715 762 772 804; x_wconf 87' lang='lat' dir='ltr'>usu</span> <span class='ocrx_word' id='word_1_15' title='bbox 798 747 944 806; x_wconf 88' lang='lat' dir='ltr'>teruntur</span> <span class='ocrx_word' id='word_1_16' title='bbox 967 747 1122 828; x_wconf 71' lang='grc' dir='ltr'><strong><em>ἀργυρεῖα</em></strong></span> <span class='ocrx_word' id='word_1_17' title='bbox 1150 755 1181 812; x_wconf 89' lang='lat' dir='ltr'>et</span> <span class='ocrx_word' id='word_1_18' title='bbox 1206 763 1336 838; x_wconf 81' lang='grc' dir='ltr'><strong><em>χρυσεῖα</em></strong></span> <span class='ocrx_word' id='word_1_19' title='bbox 1359 772 1414 836; x_wconf 92' lang='lat' dir='ltr'>pro</span> 
     </span>
     <span class='ocr_line' id='line_1_4' title="bbox 295 854 1414 954; baseline 0.012 -32"><span class='ocrx_word' id='word_1_20' title='bbox 295 854 389 922; x_wconf 80' lang='lat' dir='ltr'>auri·</span> <span class='ocrx_word' id='word_1_21' title='bbox 421 861 452 918; x_wconf 90' lang='lat' dir='ltr'>et</span> <span class='ocrx_word' id='word_1_22' title='bbox 477 854 760 941; x_wconf 74' lang='lat' dir='ltr'>arpenti-fodinis.</span> <span class='ocrx_word' id='word_1_23' title='bbox 808 856 949 921; x_wconf 82' lang='lat' dir='ltr'>Graeculi</span> <span class='ocrx_word' id='word_1_24' title='bbox 977 879 1064 942; x_wconf 84' lang='lat' dir='ltr'>saepe</span> <span class='ocrx_word' id='word_1_25' title='bbox 1090 860 1312 948; x_wconf 86' lang='lat' dir='ltr'>adscripserunt</span> <span class='ocrx_word' id='word_1_26' title='bbox 1336 871 1414 954; x_wconf 76' lang='grc' dir='ltr'><strong><em>ἔργα</em></strong></span> 
     </span>
     <span class='ocr_line' id='line_1_5' title="bbox 295 971 1413 1056; baseline 0.011 -22"><span class='ocrx_word' id='word_1_27' title='bbox 295 978 349 1034; x_wconf 86' lang='lat' dir='ltr'>aut</span> <span class='ocrx_word' id='word_1_28' title='bbox 371 971 537 1056; x_wconf 86' lang='grc' dir='ltr'><strong><em>μέταλλα,</em></strong></span> <span class='ocrx_word' id='word_1_29' title='bbox 564 992 641 1055; x_wconf 86' lang='lat' dir='ltr'>quae</span> <span class='ocrx_word' id='word_1_30' title='bbox 664 971 762 1034; x_wconf 84' lang='lat' dir='ltr'>textui</span> <span class='ocrx_word' id='word_1_31' title='bbox 782 971 867 1035; x_wconf 83' lang='lat' dir='ltr'>illata</span> <span class='ocrx_word' id='word_1_32' title='bbox 882 972 973 1034; x_wconf 91' lang='lat' dir='ltr'>nimis</span> <span class='ocrx_word' id='word_1_33' title='bbox 989 972 1139 1055; x_wconf 78' lang='lat' dir='ltr'>patienter</span> <span class='ocrx_word' id='word_1_34' title='bbox 1154 976 1257 1042; x_wconf 83' lang='lat' dir='ltr'>ferunt</span> <span class='ocrx_word' id='word_1_35' title='bbox 1272 980 1413 1046; x_wconf 76' lang='lat' dir='ltr'>editores.</span> 
     </span>
     <span class='ocr_line' id='line_1_6' title="bbox 294 1084 1416 1180; baseline 0.01 -32"><span class='ocrx_word' id='word_1_36' title='bbox 294 1085 410 1149; x_wconf 79' lang='lat' dir='ltr'>Eodem</span> <span class='ocrx_word' id='word_1_37' title='bbox 437 1084 615 1168; x_wconf 82' lang='lat' dir='ltr'>emblemate</span> <span class='ocrx_word' id='word_1_38' title='bbox 639 1085 787 1149; x_wconf 88' lang='lat' dir='ltr'>liberandi</span> <span class='ocrx_word' id='word_1_39' title='bbox 819 1091 891 1148; x_wconf 89' lang='lat' dir='ltr'>sunt</span> <span class='ocrx_word' id='word_1_40' title='bbox 925 1085 983 1148; x_wconf 87' lang='lat' dir='ltr'>loci</span> <span class='ocrx_word' id='word_1_41' title='bbox 1008 1084 1050 1148; x_wconf 88' lang='grc' dir='ltr'>ΙΙΙ</span> <span class='ocrx_word' id='word_1_42' title='bbox 1067 1085 1108 1150; x_wconf 92' lang='grc'>55</span> <span class='ocrx_word' id='word_1_43' title='bbox 1133 1093 1163 1149; x_wconf 91' lang='lat' dir='ltr'>et</span> <span class='ocrx_word' id='word_1_44' title='bbox 1187 1089 1232 1151; x_wconf 86' lang='lat' dir='ltr'>VI</span> <span class='ocrx_word' id='word_1_45' title='bbox 1256 1093 1296 1155; x_wconf 88' lang='grc'>91</span> <span class='ocrx_word' id='word_1_46' title='bbox 1323 1116 1416 1180; x_wconf 87' lang='lat' dir='ltr'>prope</span> 
     </span>
     <span class='ocr_line' id='line_1_7' title="bbox 293 1203 395 1266; baseline 0 0"><span class='ocrx_word' id='word_1_47' title='bbox 293 1203 395 1266; x_wconf 90' lang='lat' dir='ltr'>finem.</span> 
     </span>
    </p>
   </div>
   <div class='ocr_carea' id='block_1_3' title="bbox 337 1315 1413 1402">
    <p class='ocr_par' dir='ltr' id='par_1_3' title="bbox 337 1290 1413 1402">
     <span class='ocr_line' id='line_1_8' title="bbox 337 1315 1413 1402; baseline 0.008 -23"><span class='ocrx_word' id='word_1_48' title='bbox 337 1315 457 1380; x_wconf 85' lang='lat' dir='ltr'>Ibidem</span> <span class='ocrx_word' id='word_1_49' title='bbox 485 1317 502 1398; x_wconf 69' lang='grc'>5</span> <span class='ocrx_word' id='word_1_50' title='bbox 527 1317 555 1380; x_wconf 91' lang='grc'>1.</span> <span class='ocrx_word' id='word_1_51' title='bbox 602 1315 856 1400; x_wconf 77' lang='grc' dir='ltr'><strong><em>Ἀμφιπολιτῶν</em></strong></span> <span class='ocrx_word' id='word_1_52' title='bbox 889 1320 944 1380; x_wconf 92' lang='grc' dir='ltr'><strong><em>καί</em></strong></span> <span class='ocrx_word' id='word_1_53' title='bbox 978 1315 1176 1402; x_wconf 81' lang='grc' dir='ltr'><strong><em>Ἀθηναίων</em></strong></span> <span class='ocrx_word' id='word_1_54' title='bbox 1203 1325 1268 1385; x_wconf 85' lang='grc' dir='ltr'><strong><em>τῶν</em></strong></span> <span class='ocrx_word' id='word_1_55' title='bbox 1301 1323 1413 1388; x_wconf 79' lang='grc' dir='ltr'><strong><em>ἐνόν·</em></strong></span> 
     </span>
    </p>
   </div>
   <div class='ocr_carea' id='block_1_4' title="bbox 292 1431 1418 2783">
    <p class='ocr_par' dir='ltr' id='par_1_4' title="bbox 292 1431 1418 2783">
     <span class='ocr_line' id='line_1_9' title="bbox 294 1431 1413 1520; baseline 0.004 -22"><span class='ocrx_word' id='word_1_56' title='bbox 294 1459 371 1499; x_wconf 89' lang='grc' dir='ltr'><strong><em>των</em></strong></span> <span class='ocrx_word' id='word_1_57' title='bbox 397 1434 452 1497; x_wconf 85' lang='grc' dir='ltr'><strong><em>τόν</em></strong></span> <span class='ocrx_word' id='word_1_58' title='bbox 475 1433 535 1513; x_wconf 84' lang='grc' dir='ltr'>μέν</span> <span class='ocrx_word' id='word_1_59' title='bbox 559 1431 756 1516; x_wconf 81' lang='grc' dir='ltr'><strong><em>βουλόμενον</em></strong></span> <span class='ocrx_word' id='word_1_60' title='bbox 780 1435 831 1496; x_wconf 77' lang='grc' dir='ltr'>ἐπὶ</span> <span class='ocrx_word' id='word_1_61' title='bbox 853 1440 920 1506; x_wconf 81' lang='grc' dir='ltr'><strong><em>τοῖς</em></strong></span> <span class='ocrx_word' id='word_1_62' title='bbox 942 1437 1057 1498; x_wconf 79' lang='grc' dir='ltr'><strong><em>ἑαυτοῦ</em></strong></span> <span class='ocrx_word' id='word_1_63' title='bbox 1076 1441 1131 1516; x_wconf 80' lang='grc' dir='ltr'><strong><em>τῆς</em></strong></span> <span class='ocrx_word' id='word_1_64' title='bbox 1147 1435 1217 1519; x_wconf 83' lang='grc' dir='ltr'><strong><em>’ίσης</em></strong></span> <span class='ocrx_word' id='word_1_65' title='bbox 1233 1441 1286 1501; x_wconf 86' lang='grc' dir='ltr'><strong><em>καί</em></strong></span> <span class='ocrx_word' id='word_1_66' title='bbox 1302 1439 1413 1520; x_wconf 80' lang='grc' dir='ltr'><strong><em>ὁμοίας</em></strong></span> 
     </span>
     <span class='ocr_line' id='line_1_10' title="bbox 292 1543 1413 1632; baseline 0.004 -21"><span class='ocrx_word' id='word_1_67' title='bbox 292 1547 469 1632; x_wconf 75' lang='grc' dir='ltr'><em>μετέχοντα</em></span> <span class='ocrx_word' id='word_1_68' title='bbox 496 1548 626 1628; x_wconf 83' lang='grc' dir='ltr'><strong><em>μένειν,</em></strong></span> <span class='ocrx_word' id='word_1_69' title='bbox 646 1550 702 1613; x_wconf 89' lang='grc' dir='ltr'><strong><em>τόν</em></strong></span> <span class='ocrx_word' id='word_1_70' title='bbox 734 1546 768 1611; x_wconf 80' lang='grc' dir='ltr'>δέ</span> <span class='ocrx_word' id='word_1_71' title='bbox 791 1552 833 1629; x_wconf 83' lang='grc' dir='ltr'>μὴ</span> <span class='ocrx_word' id='word_1_72' title='bbox 861 1543 1051 1630; x_wconf 78' lang='grc' dir='ltr'><strong><em>[ἐθέλοντα]</em></strong></span> <span class='ocrx_word' id='word_1_73' title='bbox 1073 1548 1208 1614; x_wconf 83' lang='grc' dir='ltr'><strong><em>οἰπιέναι</em></strong></span> <span class='ocrx_word' id='word_1_74' title='bbox 1232 1554 1272 1615; x_wconf 84' lang='grc' dir='ltr'><strong><em>τό</em></strong></span> <span class='ocrx_word' id='word_1_75' title='bbox 1298 1555 1413 1616; x_wconf 77' lang='grc' dir='ltr'><strong><em>ἑαυτοῦ</em></strong></span> 
     </span>
     <span class='ocr_line' id='line_1_11' title="bbox 294 1658 1412 1746; baseline -0.002 -19"><span class='ocrx_word' id='word_1_76' title='bbox 294 1666 507 1745; x_wconf 73' lang='grc' dir='ltr'><strong><em>ἐκφερόμενον</em></strong></span> <span class='ocrx_word' id='word_1_77' title='bbox 530 1662 626 1728; x_wconf 80' lang='grc' dir='ltr'><strong><em>πέντε</em></strong></span> <span class='ocrx_word' id='word_1_78' title='bbox 654 1666 790 1746; x_wconf 72' lang='grc' dir='ltr'><strong><em>η’μερώυ.</em></strong></span> <span class='ocrx_word' id='word_1_79' title='bbox 818 1658 973 1722; x_wconf 87' lang='lat' dir='ltr'>Orationis</span> <span class='ocrx_word' id='word_1_80' title='bbox 997 1658 1094 1724; x_wconf 85' lang='lat' dir='ltr'>fulcro</span> <span class='ocrx_word' id='word_1_81' title='bbox 1118 1663 1279 1729; x_wconf 77' lang='grc' dir='ltr'><strong><em>ἐθέλοντα</em></strong></span> <span class='ocrx_word' id='word_1_82' title='bbox 1302 1663 1412 1726; x_wconf 88' lang='lat' dir='ltr'>melius</span> 
     </span>
     <span class='ocr_line' id='line_1_12' title="bbox 294 1773 1412 1858; baseline 0.007 -19"><span class='ocrx_word' id='word_1_83' title='bbox 294 1773 470 1839; x_wconf 78' lang='lat' dir='ltr'>carebimus.</span> <span class='ocrx_word' id='word_1_84' title='bbox 497 1773 555 1836; x_wconf 84' lang='lat' dir='ltr'>Sed</span> <span class='ocrx_word' id='word_1_85' title='bbox 578 1774 704 1858; x_wconf 86' lang='lat' dir='ltr'>insuper</span> <span class='ocrx_word' id='word_1_86' title='bbox 725 1774 762 1838; x_wconf 91' lang='lat' dir='ltr'>de</span> <span class='ocrx_word' id='word_1_87' title='bbox 785 1774 862 1838; x_wconf 84' lang='lat' dir='ltr'>vitio</span> <span class='ocrx_word' id='word_1_88' title='bbox 887 1781 1061 1858; x_wconf 88' lang='lat' dir='ltr'>suspectum</span> <span class='ocrx_word' id='word_1_89' title='bbox 1085 1775 1161 1840; x_wconf 92' lang='lat' dir='ltr'>mihi</span> <span class='ocrx_word' id='word_1_90' title='bbox 1184 1782 1231 1840; x_wconf 88' lang='lat' dir='ltr'>est</span> <span class='ocrx_word' id='word_1_91' title='bbox 1255 1783 1412 1857; x_wconf 80' lang='grc' dir='ltr'><strong><em>ἐνόντων,</em></strong></span> 
     </span>
     <span class='ocr_line' id='line_1_13' title="bbox 293 1887 1414 1975; baseline 0.003 -24"><span class='ocrx_word' id='word_1_92' title='bbox 293 1888 375 1972; x_wconf 91' lang='lat' dir='ltr'>quod</span> <span class='ocrx_word' id='word_1_93' title='bbox 395 1887 470 1951; x_wconf 86' lang='lat' dir='ltr'>satis</span> <span class='ocrx_word' id='word_1_94' title='bbox 484 1887 641 1973; x_wconf 91' lang='lat' dir='ltr'>proprium</span> <span class='ocrx_word' id='word_1_95' title='bbox 665 1911 727 1952; x_wconf 93' lang='lat' dir='ltr'>non</span> <span class='ocrx_word' id='word_1_96' title='bbox 748 1895 794 1951; x_wconf 88' lang='lat' dir='ltr'>est</span> <span class='ocrx_word' id='word_1_97' title='bbox 806 1887 843 1951; x_wconf 89' lang='lat' dir='ltr'>de</span> <span class='ocrx_word' id='word_1_98' title='bbox 867 1888 918 1966; x_wconf 89' lang='lat' dir='ltr'>iis,</span> <span class='ocrx_word' id='word_1_99' title='bbox 944 1888 1049 1972; x_wconf 91' lang='lat' dir='ltr'>quiin</span> <span class='ocrx_word' id='word_1_100' title='bbox 1065 1889 1140 1955; x_wconf 88' lang='lat' dir='ltr'>urbe</span> <span class='ocrx_word' id='word_1_101' title='bbox 1161 1890 1262 1975; x_wconf 80' lang='lat' dir='ltr'>aliqua</span> <span class='ocrx_word' id='word_1_102' title='bbox 1280 1890 1414 1954; x_wconf 86' lang='lat' dir='ltr'>habitare</span> 
     </span>
     <span class='ocr_line' id='line_1_14' title="bbox 296 2003 1416 2090; baseline 0.003 -22"><span class='ocrx_word' id='word_1_103' title='bbox 296 2005 417 2069; x_wconf 89' lang='lat' dir='ltr'>dicendi</span> <span class='ocrx_word' id='word_1_104' title='bbox 441 2011 523 2084; x_wconf 85' lang='lat' dir='ltr'>sunt,</span> <span class='ocrx_word' id='word_1_105' title='bbox 550 2003 602 2067; x_wconf 91' lang='lat' dir='ltr'>sed</span> <span class='ocrx_word' id='word_1_106' title='bbox 626 2004 729 2088; x_wconf 89' lang='lat' dir='ltr'>potius</span> <span class='ocrx_word' id='word_1_107' title='bbox 747 2010 910 2088; x_wconf 84' lang='lat' dir='ltr'>usurpetur</span> <span class='ocrx_word' id='word_1_108' title='bbox 934 2003 971 2067; x_wconf 93' lang='lat' dir='ltr'>de</span> <span class='ocrx_word' id='word_1_109' title='bbox 992 2026 1045 2082; x_wconf 90' lang='lat' dir='ltr'>eo,</span> <span class='ocrx_word' id='word_1_110' title='bbox 1068 2005 1121 2088; x_wconf 92' lang='lat' dir='ltr'>qui</span> <span class='ocrx_word' id='word_1_111' title='bbox 1146 2004 1257 2070; x_wconf 85' lang='lat' dir='ltr'>alicubi</span> <span class='ocrx_word' id='word_1_112' title='bbox 1277 2005 1416 2090; x_wconf 82' lang='lat' dir='ltr'>aliquan-</span> 
     </span>
     <span class='ocr_line' id='line_1_15' title="bbox 294 2117 1415 2204; baseline 0.004 -22"><span class='ocrx_word' id='word_1_113' title='bbox 294 2119 388 2204; x_wconf 88' lang='lat' dir='ltr'>tisper</span> <span class='ocrx_word' id='word_1_114' title='bbox 411 2126 622 2183; x_wconf 89' lang='lat' dir='ltr'>commoratur.</span> <span class='ocrx_word' id='word_1_115' title='bbox 659 2117 765 2202; x_wconf 86' lang='lat' dir='ltr'>Longe</span> <span class='ocrx_word' id='word_1_116' title='bbox 792 2119 890 2199; x_wconf 87' lang='lat' dir='ltr'>igitur</span> <span class='ocrx_word' id='word_1_117' title='bbox 917 2118 1019 2182; x_wconf 88' lang='lat' dir='ltr'>malim</span> <span class='ocrx_word' id='word_1_118' title='bbox 1045 2126 1353 2197; x_wconf 65' lang='grc' dir='ltr'><strong><em>ἐνοικούντων,</em></strong></span> <span class='ocrx_word' id='word_1_119' title='bbox 1381 2127 1415 2186; x_wconf 91' lang='lat' dir='ltr'>ut</span> 
     </span>
     <span class='ocr_line' id='line_1_16' title="bbox 294 2233 1415 2320; baseline 0.004 -24"><span class='ocrx_word' id='word_1_120' title='bbox 294 2241 375 2298; x_wconf 88' lang='lat' dir='ltr'>reete</span> <span class='ocrx_word' id='word_1_121' title='bbox 411 2234 557 2319; x_wconf 88' lang='lat' dir='ltr'>scriptum</span> <span class='ocrx_word' id='word_1_122' title='bbox 593 2239 639 2296; x_wconf 90' lang='lat' dir='ltr'>est</span> <span class='ocrx_word' id='word_1_123' title='bbox 674 2255 736 2318; x_wconf 89' lang='lat' dir='ltr'>cap.</span> <span class='ocrx_word' id='word_1_124' title='bbox 779 2236 844 2299; x_wconf 77' lang='lat'>124</span> <span class='ocrx_word' id='word_1_125' title='bbox 875 2235 932 2318; x_wconf 72' lang='lat'>§1</span> <span class='ocrx_word' id='word_1_126' title='bbox 958 2240 989 2297; x_wconf 91' lang='lat' dir='ltr'>et</span> <span class='ocrx_word' id='word_1_127' title='bbox 1013 2233 1096 2299; x_wconf 87' lang='lat' dir='ltr'>alibi.</span> <span class='ocrx_word' id='word_1_128' title='bbox 1131 2237 1274 2303; x_wconf 83' lang='grc' dir='ltr'><strong><em>Ἐνεῖναι</em></strong></span> <span class='ocrx_word' id='word_1_129' title='bbox 1299 2235 1415 2320; x_wconf 89' lang='lat' dir='ltr'>optime</span> 
     </span>
     <span class='ocr_line' id='line_1_17' title="bbox 295 2347 1417 2435; baseline 0.004 -21"><span class='ocrx_word' id='word_1_130' title='bbox 295 2349 387 2414; x_wconf 89' lang='lat' dir='ltr'>habet</span> <span class='ocrx_word' id='word_1_131' title='bbox 410 2348 485 2415; x_wconf 80' lang='lat'>167</span> <span class='ocrx_word' id='word_1_132' title='bbox 502 2351 554 2434; x_wconf 68' lang='grc'>51</span> <span class='ocrx_word' id='word_1_133' title='bbox 577 2354 608 2412; x_wconf 90' lang='lat' dir='ltr'>et</span> <span class='ocrx_word' id='word_1_134' title='bbox 622 2347 676 2412; x_wconf 91' lang='grc' dir='ltr'>ΙΙΙ</span> <span class='ocrx_word' id='word_1_135' title='bbox 694 2350 748 2413; x_wconf 85' lang='grc'>34.</span> <span class='ocrx_word' id='word_1_136' title='bbox 784 2347 864 2413; x_wconf 86' lang='lat' dir='ltr'>Loco</span> <span class='ocrx_word' id='word_1_137' title='bbox 885 2348 931 2411; x_wconf 89' lang='lat' dir='ltr'>VI</span> <span class='ocrx_word' id='word_1_138' title='bbox 954 2349 997 2415; x_wconf 92' lang='grc'>50</span> <span class='ocrx_word' id='word_1_139' title='bbox 1020 2349 1186 2434; x_wconf 80' lang='grc' dir='ltr'><strong><em>(ἐνῆσαν</em></strong></span> <span class='ocrx_word' id='word_1_140' title='bbox 1211 2355 1271 2435; x_wconf 75' lang='grc' dir='ltr'>γὰρ</span> <span class='ocrx_word' id='word_1_141' title='bbox 1297 2353 1417 2419; x_wconf 78' lang='grc' dir='ltr'><strong><em>αὐτόθι</em></strong></span> 
     </span>
     <span class='ocr_line' id='line_1_18' title="bbox 292 2464 1418 2553; baseline -0.002 -23"><span class='ocrx_word' id='word_1_142' title='bbox 292 2465 410 2549; x_wconf 78' lang='grc' dir='ltr'><strong><em>ἄνδρες</em></strong></span> <span class='ocrx_word' id='word_1_143' title='bbox 432 2473 472 2532; x_wconf 84' lang='grc' dir='ltr'><strong><em>τὰ</em></strong></span> <span class='ocrx_word' id='word_1_144' title='bbox 487 2468 710 2551; x_wconf 79' lang='grc' dir='ltr'><strong><em>Συρακοσίων</em></strong></span> <span class='ocrx_word' id='word_1_145' title='bbox 735 2466 940 2553; x_wconf 81' lang='grc' dir='ltr'><strong><em>βουλόμενοι)</em></strong></span> <span class='ocrx_word' id='word_1_146' title='bbox 970 2485 1068 2528; x_wconf 87' lang='lat' dir='ltr'>sermo</span> <span class='ocrx_word' id='word_1_147' title='bbox 1089 2464 1213 2549; x_wconf 88' lang='lat' dir='ltr'>quidem</span> <span class='ocrx_word' id='word_1_148' title='bbox 1236 2471 1283 2528; x_wconf 88' lang='lat' dir='ltr'>est</span> <span class='ocrx_word' id='word_1_149' title='bbox 1304 2464 1340 2528; x_wconf 89' lang='lat' dir='ltr'>de</span> <span class='ocrx_word' id='word_1_150' title='bbox 1363 2488 1418 2550; x_wconf 90' lang='lat' dir='ltr'>op·</span> 
     </span>
     <span class='ocr_line' id='line_1_19' title="bbox 293 2577 1414 2662; baseline 0.005 -22"><span class='ocrx_word' id='word_1_151' title='bbox 293 2577 359 2662; x_wconf 88' lang='lat' dir='ltr'>pidi</span> <span class='ocrx_word' id='word_1_152' title='bbox 388 2578 510 2659; x_wconf 89' lang='lat' dir='ltr'>incolis,</span> <span class='ocrx_word' id='word_1_153' title='bbox 543 2577 595 2642; x_wconf 86' lang='lat' dir='ltr'>sed</span> <span class='ocrx_word' id='word_1_154' title='bbox 625 2578 669 2642; x_wconf 91' lang='lat' dir='ltr'>ita</span> <span class='ocrx_word' id='word_1_155' title='bbox 698 2577 818 2643; x_wconf 86' lang='lat' dir='ltr'>diuersa</span> <span class='ocrx_word' id='word_1_156' title='bbox 844 2585 891 2643; x_wconf 90' lang='lat' dir='ltr'>est</span> <span class='ocrx_word' id='word_1_157' title='bbox 913 2579 978 2642; x_wconf 90' lang='lat' dir='ltr'>eius</span> <span class='ocrx_word' id='word_1_158' title='bbox 1004 2579 1062 2643; x_wconf 89' lang='lat' dir='ltr'>loci</span> <span class='ocrx_word' id='word_1_159' title='bbox 1086 2579 1186 2660; x_wconf 86' lang='lat' dir='ltr'>ratio,</span> <span class='ocrx_word' id='word_1_160' title='bbox 1215 2585 1252 2643; x_wconf 92' lang='lat' dir='ltr'>ut</span> <span class='ocrx_word' id='word_1_161' title='bbox 1275 2603 1313 2646; x_wconf 91' lang='lat' dir='ltr'>ne</span> <span class='ocrx_word' id='word_1_162' title='bbox 1340 2584 1414 2646; x_wconf 85' lang='lat' dir='ltr'>satis</span> 
     </span>
     <span class='ocr_line' id='line_1_20' title="bbox 294 2692 1418 2783; baseline 0.004 -27"><span class='ocrx_word' id='word_1_163' title='bbox 294 2692 415 2778; x_wconf 90' lang='lat' dir='ltr'>quidem</span> <span class='ocrx_word' id='word_1_164' title='bbox 450 2699 553 2779; x_wconf 88' lang='lat' dir='ltr'>aptum</span> <span class='ocrx_word' id='word_1_165' title='bbox 592 2693 634 2757; x_wconf 92' lang='lat' dir='ltr'>ibi</span> <span class='ocrx_word' id='word_1_166' title='bbox 663 2702 742 2778; x_wconf 82' lang='lat' dir='ltr'>esset</span> <span class='ocrx_word' id='word_1_167' title='bbox 779 2702 957 2783; x_wconf 77' lang='grc' dir='ltr'><strong><em>ἐνῳκησαν.</em></strong></span> <span class='ocrx_word' id='word_1_168' title='bbox 1002 2694 1185 2759; x_wconf 74' lang='lat' dir='ltr'>sentiuntur</span> <span class='ocrx_word' id='word_1_169' title='bbox 1210 2695 1283 2759; x_wconf 86' lang='lat' dir='ltr'>talia</span> <span class='ocrx_word' id='word_1_170' title='bbox 1309 2695 1418 2760; x_wconf 88' lang='lat' dir='ltr'>melius</span> 
     </span>
    </p>
   </div>
   <div class='ocr_carea' id='block_1_5' title="bbox 181 2808 665 2894">
    <p class='ocr_par' dir='ltr' id='par_1_5' title="bbox 181 2808 665 2894">
     <span class='ocr_line' id='line_1_21' title="bbox 181 2808 665 2894; baseline 0.004 -24"><span class='ocrx_word' id='word_1_171' title='bbox 181 2855 183 2862; x_wconf 57' lang='grc'><strong><em>.</em></strong></span> <span class='ocrx_word' id='word_1_172' title='bbox 294 2828 384 2891; x_wconf 85' lang='lat' dir='ltr'>quam</span> <span class='ocrx_word' id='word_1_173' title='bbox 409 2808 665 2894; x_wconf 65' lang='lat' dir='ltr'>demonstrantur.</span> 
     </span>
    </p>
   </div>
   <div class='ocr_carea' id='block_1_6' title="bbox 292 2922 1418 4624">
    <p class='ocr_par' dir='ltr' id='par_1_6' title="bbox 293 2922 1417 3127">
     <span class='ocr_line' id='line_1_22' title="bbox 337 2922 1417 3012; baseline 0.008 -27"><span class='ocrx_word' id='word_1_174' title='bbox 337 2922 410 3008; x_wconf 83' lang='lat' dir='ltr'>Cap.</span> <span class='ocrx_word' id='word_1_175' title='bbox 436 2926 499 2989; x_wconf 88' lang='grc'>106</span> <span class='ocrx_word' id='word_1_176' title='bbox 521 2925 538 3006; x_wconf 62' lang='lat' dir='ltr'>b</span> <span class='ocrx_word' id='word_1_177' title='bbox 563 2927 592 2988; x_wconf 96' lang='lat' dir='ltr'>l.</span> <span class='ocrx_word' id='word_1_178' title='bbox 617 2929 672 2990; x_wconf 87' lang='grc' dir='ltr'><strong><em>καί</em></strong></span> <span class='ocrx_word' id='word_1_179' title='bbox 692 2931 759 2991; x_wconf 84' lang='grc' dir='ltr'><strong><em>τῶν</em></strong></span> <span class='ocrx_word' id='word_1_180' title='bbox 776 2927 837 3002; x_wconf 77' lang='grc' dir='ltr'>ἕξω</span> <span class='ocrx_word' id='word_1_181' title='bbox 853 2924 1047 3010; x_wconf 78' lang='grc' dir='ltr'><strong><em>ληφθέντων</em></strong></span> <span class='ocrx_word' id='word_1_182' title='bbox 1069 2931 1217 3012; x_wconf 80' lang='grc' dir='ltr'><strong><em>συχνοί</em></strong></span> <span class='ocrx_word' id='word_1_183' title='bbox 1238 2930 1349 2993; x_wconf 78' lang='grc' dir='ltr'><strong><em>οἰκεῖοι</em></strong></span> <span class='ocrx_word' id='word_1_184' title='bbox 1369 2927 1417 2994; x_wconf 77' lang='grc' dir='ltr'>έν·</span> 
     </span>
     <span class='ocr_line' id='line_1_23' title="bbox 293 3037 1087 3127; baseline -0.001 -23"><span class='ocrx_word' id='word_1_185' title='bbox 293 3039 351 3106; x_wconf 76' lang='lat' dir='ltr'>dor</span> <span class='ocrx_word' id='word_1_186' title='bbox 376 3037 468 3123; x_wconf 83' lang='grc' dir='ltr'><strong><em>ἦσαν.</em></strong></span> <span class='ocrx_word' id='word_1_187' title='bbox 488 3037 586 3102; x_wconf 82' lang='lat' dir='ltr'>Unice</span> <span class='ocrx_word' id='word_1_188' title='bbox 606 3045 688 3102; x_wconf 88' lang='lat' dir='ltr'>recte</span> <span class='ocrx_word' id='word_1_189' title='bbox 712 3037 871 3102; x_wconf 85' lang='lat' dir='ltr'>Palatinus</span> <span class='ocrx_word' id='word_1_190' title='bbox 899 3049 1087 3127; x_wconf 79' lang='grc' dir='ltr'><strong><em>συχνοῖς.</em></strong></span> 
     </span>
    </p>

    <p class='ocr_par' dir='ltr' id='par_1_7' title="bbox 292 3153 1418 3931">
     <span class='ocr_line' id='line_1_24' title="bbox 337 3153 1416 3242; baseline 0.003 -25"><span class='ocrx_word' id='word_1_191' title='bbox 337 3153 410 3237; x_wconf 81' lang='lat' dir='ltr'>Cap.</span> <span class='ocrx_word' id='word_1_192' title='bbox 437 3155 500 3220; x_wconf 89' lang='grc'>108</span> <span class='ocrx_word' id='word_1_193' title='bbox 526 3155 543 3236; x_wconf 62' lang='lat' dir='ltr'>d</span> <span class='ocrx_word' id='word_1_194' title='bbox 567 3155 599 3219; x_wconf 83' lang='grc'>4.</span> <span class='ocrx_word' id='word_1_195' title='bbox 620 3159 662 3232; x_wconf 79' lang='grc' dir='ltr'>ὥς</span> <span class='ocrx_word' id='word_1_196' title='bbox 684 3161 772 3242; x_wconf 75' lang='grc' dir='ltr'><strong><em>αὐτη)</em></strong></span> <span class='ocrx_word' id='word_1_197' title='bbox 791 3159 843 3222; x_wconf 80' lang='grc' dir='ltr'>ἐπὶ</span> <span class='ocrx_word' id='word_1_198' title='bbox 865 3159 1015 3224; x_wconf 89' lang='grc' dir='ltr'><strong><em>Νίσαιαν</em></strong></span> <span class='ocrx_word' id='word_1_199' title='bbox 1032 3165 1071 3240; x_wconf 80' lang='grc' dir='ltr'><strong><em>τῇ</em></strong></span> <span class='ocrx_word' id='word_1_200' title='bbox 1086 3161 1203 3221; x_wconf 76' lang='grc' dir='ltr'><strong><em>ἑαυτοῦ</em></strong></span> <span class='ocrx_word' id='word_1_201' title='bbox 1218 3161 1299 3242; x_wconf 81' lang='grc' dir='ltr'><strong><em>μόνῃ</em></strong></span> <span class='ocrx_word' id='word_1_202' title='bbox 1322 3181 1416 3240; x_wconf 87' lang='grc' dir='ltr'><strong><em>στρα-</em></strong></span> 
     </span>
     <span class='ocr_line' id='line_1_25' title="bbox 293 3268 1414 3358; baseline -0.003 -22"><span class='ocrx_word' id='word_1_203' title='bbox 293 3284 346 3358; x_wconf 86' lang='grc' dir='ltr'><strong><em>τιᾷ</em></strong></span> <span class='ocrx_word' id='word_1_204' title='bbox 370 3274 426 3338; x_wconf 81' lang='grc' dir='ltr'>οὐκ</span> <span class='ocrx_word' id='word_1_205' title='bbox 451 3271 617 3355; x_wconf 75' lang='grc' dir='ltr'><strong><em>ἠθέλησαν</em></strong></span> <span class='ocrx_word' id='word_1_206' title='bbox 642 3275 673 3336; x_wconf 85' lang='grc' dir='ltr'>οἱ</span> <span class='ocrx_word' id='word_1_207' title='bbox 696 3268 882 3357; x_wconf 76' lang='grc' dir='ltr'><strong><em>Ἀθηναῖοι</em></strong></span> <span class='ocrx_word' id='word_1_208' title='bbox 899 3271 1091 3357; x_wconf 82' lang='grc' dir='ltr'><strong><em>ξυμβαλεῖν.</em></strong></span> <span class='ocrx_word' id='word_1_209' title='bbox 1116 3269 1210 3332; x_wconf 85' lang='lat' dir='ltr'>Recte</span> <span class='ocrx_word' id='word_1_210' title='bbox 1226 3268 1414 3354; x_wconf 83' lang='lat' dir='ltr'>improbatur</span> 
     </span>
     <span class='ocr_line' id='line_1_26' title="bbox 293 3381 1415 3468; baseline 0.004 -22"><span class='ocrx_word' id='word_1_211' title='bbox 293 3382 409 3447; x_wconf 87' lang='lat' dir='ltr'>Dukeri</span> <span class='ocrx_word' id='word_1_212' title='bbox 440 3382 611 3447; x_wconf 86' lang='lat' dir='ltr'>coniectura</span> <span class='ocrx_word' id='word_1_213' title='bbox 638 3389 780 3468; x_wconf 76' lang='grc' dir='ltr'><strong><em>Νισαίᾳ.</em></strong></span> <span class='ocrx_word' id='word_1_214' title='bbox 809 3381 889 3446; x_wconf 86' lang='lat' dir='ltr'>Nam</span> <span class='ocrx_word' id='word_1_215' title='bbox 913 3405 951 3445; x_wconf 88' lang='lat' dir='ltr'>ex</span> <span class='ocrx_word' id='word_1_216' title='bbox 975 3381 1087 3446; x_wconf 89' lang='lat' dir='ltr'>additis</span> <span class='ocrx_word' id='word_1_217' title='bbox 1110 3381 1171 3445; x_wconf 87' lang='lat' dir='ltr'>illis</span> <span class='ocrx_word' id='word_1_218' title='bbox 1198 3393 1237 3468; x_wconf 77' lang='grc' dir='ltr'><strong><em>τῇ</em></strong></span> <span class='ocrx_word' id='word_1_219' title='bbox 1260 3391 1415 3452; x_wconf 80' lang='grc' dir='ltr'><strong><em>ἑαυτοῦ</em></strong></span> 
     </span>
     <span class='ocr_line' id='line_1_27' title="bbox 293 3497 1417 3594; baseline -0.006 -27"><span class='ocrx_word' id='word_1_220' title='bbox 293 3511 427 3586; x_wconf 82' lang='grc' dir='ltr'><strong><em>στρατιᾷ</em></strong></span> <span class='ocrx_word' id='word_1_221' title='bbox 451 3498 568 3584; x_wconf 91' lang='lat' dir='ltr'>liquido</span> <span class='ocrx_word' id='word_1_222' title='bbox 594 3505 732 3563; x_wconf 78' lang='lat' dir='ltr'>constare</span> <span class='ocrx_word' id='word_1_223' title='bbox 756 3504 831 3583; x_wconf 89' lang='lat' dir='ltr'>puto</span> <span class='ocrx_word' id='word_1_224' title='bbox 858 3497 1006 3561; x_wconf 82' lang='lat' dir='ltr'>excidisse</span> <span class='ocrx_word' id='word_1_225' title='bbox 1030 3503 1100 3594; x_wconf 84' lang='lat' dir='ltr'>post</span> <span class='ocrx_word' id='word_1_226' title='bbox 1126 3501 1275 3566; x_wconf 88' lang='grc' dir='ltr'><strong><em>Νίσαιαν</em></strong></span> <span class='ocrx_word' id='word_1_227' title='bbox 1297 3497 1417 3582; x_wconf 89' lang='lat' dir='ltr'>partici-</span> 
     </span>
     <span class='ocr_line' id='line_1_28' title="bbox 292 3612 1416 3703; baseline 0.001 -26"><span class='ocrx_word' id='word_1_228' title='bbox 292 3615 375 3700; x_wconf 89' lang='lat' dir='ltr'>pium</span> <span class='ocrx_word' id='word_1_229' title='bbox 400 3621 537 3703; x_wconf 75' lang='grc' dir='ltr'><strong><em>βοηθη</em></strong></span> <span class='ocrx_word' id='word_1_230' title='bbox 549 3641 684 3684; x_wconf 90' lang='grc' dir='ltr'><strong><em>σαντι.</em></strong></span> <span class='ocrx_word' id='word_1_231' title='bbox 713 3612 760 3677; x_wconf 79' lang='lat' dir='ltr'>ef.</span> <span class='ocrx_word' id='word_1_232' title='bbox 785 3613 868 3676; x_wconf 88' lang='lat' dir='ltr'>locus</span> <span class='ocrx_word' id='word_1_233' title='bbox 892 3612 999 3676; x_wconf 90' lang='lat' dir='ltr'>similis</span> <span class='ocrx_word' id='word_1_234' title='bbox 1016 3613 1057 3679; x_wconf 84' lang='lat'>85</span> <span class='ocrx_word' id='word_1_235' title='bbox 1075 3618 1171 3676; x_wconf 71' lang='lat' dir='ltr'>extr:</span> <span class='ocrx_word' id='word_1_236' title='bbox 1196 3618 1249 3681; x_wconf 81' lang='grc' dir='ltr'>ἐπὶ</span> <span class='ocrx_word' id='word_1_237' title='bbox 1266 3618 1416 3682; x_wconf 86' lang='grc' dir='ltr'><strong><em>Νίσαιαν</em></strong></span> 
     </span>
     <span class='ocr_line' id='line_1_29' title="bbox 293 3726 1418 3818; baseline -0.004 -22"><span class='ocrx_word' id='word_1_238' title='bbox 293 3736 367 3817; x_wconf 80' lang='grc' dir='ltr'><strong><em>ἐμοῦ</em></strong></span> <span class='ocrx_word' id='word_1_239' title='bbox 400 3734 712 3818; x_wconf 76' lang='grc' dir='ltr'><strong><em>βοηθήσαντος.</em></strong></span> <span class='ocrx_word' id='word_1_240' title='bbox 746 3728 823 3793; x_wconf 79' lang='lat' dir='ltr'>Cum</span> <span class='ocrx_word' id='word_1_241' title='bbox 844 3727 989 3814; x_wconf 90' lang='lat' dir='ltr'>Poppone</span> <span class='ocrx_word' id='word_1_242' title='bbox 1014 3726 1092 3792; x_wconf 87' lang='lat' dir='ltr'>illud</span> <span class='ocrx_word' id='word_1_243' title='bbox 1116 3749 1176 3792; x_wconf 92' lang='lat' dir='ltr'>non</span> <span class='ocrx_word' id='word_1_244' title='bbox 1201 3728 1347 3812; x_wconf 89' lang='lat' dir='ltr'>scriptum</span> <span class='ocrx_word' id='word_1_245' title='bbox 1370 3728 1418 3792; x_wconf 91' lang='lat' dir='ltr'>in·</span> 
     </span>
     <span class='ocr_line' id='line_1_30' title="bbox 293 3844 978 3931; baseline 0.003 -24"><span class='ocrx_word' id='word_1_246' title='bbox 293 3845 433 3931; x_wconf 86' lang='lat' dir='ltr'>telligere</span> <span class='ocrx_word' id='word_1_247' title='bbox 451 3846 537 3910; x_wconf 87' lang='lat' dir='ltr'>nulla</span> <span class='ocrx_word' id='word_1_248' title='bbox 558 3867 614 3910; x_wconf 88' lang='lat' dir='ltr'>nos</span> <span class='ocrx_word' id='word_1_249' title='bbox 638 3845 755 3930; x_wconf 88' lang='lat' dir='ltr'>patitur</span> <span class='ocrx_word' id='word_1_250' title='bbox 774 3844 978 3929; x_wconf 86' lang='lat' dir='ltr'>grammatica.</span> 
     </span>
    </p>

    <p class='ocr_par' dir='ltr' id='par_1_8' title="bbox 294 3942 1417 4624">
     <span class='ocr_line' id='line_1_31' title="bbox 338 3942 1416 4047; baseline -0.001 -20"><span class='ocrx_word' id='word_1_251' title='bbox 338 3959 359 4027; x_wconf 94' lang='lat'>†</span> <span class='ocrx_word' id='word_1_252' title='bbox 381 3959 454 4045; x_wconf 81' lang='lat' dir='ltr'>Cap.</span> <span class='ocrx_word' id='word_1_253' title='bbox 479 3964 543 4027; x_wconf 85' lang='grc'>109</span> <span class='ocrx_word' id='word_1_254' title='bbox 568 3964 586 4045; x_wconf 67' lang='lat' dir='ltr'>d</span> <span class='ocrx_word' id='word_1_255' title='bbox 609 3965 641 4026; x_wconf 77' lang='lat'>2.</span> <span class='ocrx_word' id='word_1_256' title='bbox 665 3970 840 4047; x_wconf 84' lang='grc' dir='ltr'><strong><em>Σάνην-</em></strong></span> <span class='ocrx_word' id='word_1_257' title='bbox 859 3965 889 4040; x_wconf 80' lang='grc' dir='ltr'>ἐς</span> <span class='ocrx_word' id='word_1_258' title='bbox 914 3965 950 4026; x_wconf 85' lang='grc' dir='ltr'><strong><em>τὸ</em></strong></span> <span class='ocrx_word' id='word_1_259' title='bbox 972 3963 1050 4045; x_wconf 80' lang='grc' dir='ltr'><strong><em>πρός</em></strong></span> <span class='ocrx_word' id='word_1_260' title='bbox 1067 3942 1256 4045; x_wconf 78' lang='grc' dir='ltr'><strong><em>Εὔβοίαν</em></strong></span> <span class='ocrx_word' id='word_1_261' title='bbox 1274 3960 1416 4039; x_wconf 75' lang='grc' dir='ltr'><strong><em>πέλανος</em></strong></span> 
     </span>
     <span class='ocr_line' id='line_1_32' title="bbox 294 4073 1417 4163; baseline -0.004 -21"><span class='ocrx_word' id='word_1_262' title='bbox 294 4078 527 4163; x_wconf 82' lang='grc' dir='ltr'><strong><em>τετραμμένην.</em></strong></span> <span class='ocrx_word' id='word_1_263' title='bbox 559 4075 741 4161; x_wconf 83' lang='lat' dir='ltr'>&#39;Popothesia</span> <span class='ocrx_word' id='word_1_264' title='bbox 762 4098 824 4139; x_wconf 93' lang='lat' dir='ltr'>non</span> <span class='ocrx_word' id='word_1_265' title='bbox 850 4074 950 4138; x_wconf 91' lang='lat' dir='ltr'>minus</span> <span class='ocrx_word' id='word_1_266' title='bbox 974 4073 1102 4138; x_wconf 87' lang='lat' dir='ltr'>ridicula</span> <span class='ocrx_word' id='word_1_267' title='bbox 1126 4095 1215 4158; x_wconf 89' lang='lat' dir='ltr'>quam</span> <span class='ocrx_word' id='word_1_268' title='bbox 1240 4073 1264 4136; x_wconf 89' lang='lat' dir='ltr'>si</span> <span class='ocrx_word' id='word_1_269' title='bbox 1290 4073 1370 4138; x_wconf 90' lang='lat' dir='ltr'>dicas</span> <span class='ocrx_word' id='word_1_270' title='bbox 1386 4097 1417 4138; x_wconf 88' lang='lat' dir='ltr'>v.</span> 
     </span>
     <span class='ocr_line' id='line_1_33' title="bbox 296 4188 1416 4277; baseline 0.003 -23"><span class='ocrx_word' id='word_1_271' title='bbox 296 4212 322 4254; x_wconf 94' lang='lat' dir='ltr'>c.</span> <span class='ocrx_word' id='word_1_272' title='bbox 347 4188 460 4274; x_wconf 83' lang='lat' dir='ltr'>Cymen</span> <span class='ocrx_word' id='word_1_273' title='bbox 484 4191 626 4256; x_wconf 83' lang='lat' dir='ltr'>Euboeae</span> <span class='ocrx_word' id='word_1_274' title='bbox 650 4192 795 4277; x_wconf 91' lang='lat' dir='ltr'>oppidum</span> <span class='ocrx_word' id='word_1_275' title='bbox 820 4197 956 4276; x_wconf 89' lang='lat' dir='ltr'>spectare</span> <span class='ocrx_word' id='word_1_276' title='bbox 979 4212 1060 4254; x_wconf 88' lang='lat' dir='ltr'>mare</span> <span class='ocrx_word' id='word_1_277' title='bbox 1084 4190 1227 4256; x_wconf 86' lang='lat' dir='ltr'>Icarium.</span> <span class='ocrx_word' id='word_1_278' title='bbox 1275 4189 1336 4255; x_wconf 88' lang='lat' dir='ltr'>Sub</span> <span class='ocrx_word' id='word_1_279' title='bbox 1353 4199 1416 4259; x_wconf 84' lang='grc' dir='ltr'>Εό·</span> 
     </span>
     <span class='ocr_line' id='line_1_34' title="bbox 296 4303 1417 4392; baseline -0.001 -20"><span class='ocrx_word' id='word_1_280' title='bbox 296 4308 393 4392; x_wconf 79' lang='grc' dir='ltr'><strong><em>βοιαν</em></strong></span> <span class='ocrx_word' id='word_1_281' title='bbox 421 4304 503 4368; x_wconf 86' lang='lat' dir='ltr'>aliud</span> <span class='ocrx_word' id='word_1_282' title='bbox 535 4328 646 4370; x_wconf 90' lang='lat' dir='ltr'>nomen</span> <span class='ocrx_word' id='word_1_283' title='bbox 670 4306 762 4370; x_wconf 86' lang='lat' dir='ltr'>latere</span> <span class='ocrx_word' id='word_1_284' title='bbox 790 4313 905 4370; x_wconf 88' lang='lat' dir='ltr'>certum</span> <span class='ocrx_word' id='word_1_285' title='bbox 931 4312 987 4370; x_wconf 87' lang='lat' dir='ltr'>est.</span> <span class='ocrx_word' id='word_1_286' title='bbox 1013 4303 1207 4390; x_wconf 85' lang='lat' dir='ltr'>Geographia</span> <span class='ocrx_word' id='word_1_287' title='bbox 1230 4305 1335 4369; x_wconf 84' lang='lat' dir='ltr'>suadet</span> <span class='ocrx_word' id='word_1_288' title='bbox 1358 4315 1417 4372; x_wconf 89' lang='grc' dir='ltr'>Σι-</span> 
     </span>
     <span class='ocr_line' id='line_1_35' title="bbox 295 4419 1416 4507; baseline 0.004 -23"><span class='ocrx_word' id='word_1_289' title='bbox 295 4425 430 4497; x_wconf 75' lang='grc' dir='ltr'><strong><em>θονίαν,</em></strong></span> <span class='ocrx_word' id='word_1_290' title='bbox 469 4427 502 4485; x_wconf 92' lang='lat' dir='ltr'>ut</span> <span class='ocrx_word' id='word_1_291' title='bbox 532 4419 726 4505; x_wconf 87' lang='lat' dir='ltr'>intelligatur</span> <span class='ocrx_word' id='word_1_292' title='bbox 751 4421 836 4485; x_wconf 88' lang='lat' dir='ltr'>sinus</span> <span class='ocrx_word' id='word_1_293' title='bbox 860 4419 1037 4504; x_wconf 87' lang='lat' dir='ltr'>Singitious.</span> <span class='ocrx_word' id='word_1_294' title='bbox 1061 4421 1081 4488; x_wconf 68' lang='grc' dir='ltr'><strong><em>ἰ</em></strong></span> <span class='ocrx_word' id='word_1_295' title='bbox 1108 4420 1180 4506; x_wconf 82' lang='lat' dir='ltr'>Gap.</span> <span class='ocrx_word' id='word_1_296' title='bbox 1207 4427 1283 4485; x_wconf 87' lang='lat' dir='ltr'>extr.</span> <span class='ocrx_word' id='word_1_297' title='bbox 1320 4429 1416 4507; x_wconf 86' lang='grc' dir='ltr'><strong><em>Σάνη</em></strong></span> 
     </span>
     <span class='ocr_line' id='line_1_36' title="bbox 295 4535 1416 4624; baseline 0.001 -23"><span class='ocrx_word' id='word_1_298' title='bbox 295 4535 330 4603; x_wconf 72' lang='lat' dir='ltr'>dr*</span> <span class='ocrx_word' id='word_1_299' title='bbox 363 4543 418 4604; x_wconf 85' lang='grc' dir='ltr'><strong><em>καί</em></strong></span> <span class='ocrx_word' id='word_1_300' title='bbox 446 4545 527 4607; x_wconf 80' lang='grc' dir='ltr'><strong><em>Δῖον</em></strong></span> <span class='ocrx_word' id='word_1_301' title='bbox 551 4540 749 4624; x_wconf 76' lang='grc' dir='ltr'><strong><em>ἀντέστη.</em></strong></span> <span class='ocrx_word' id='word_1_302' title='bbox 787 4537 888 4602; x_wconf 86' lang='lat' dir='ltr'>Possis</span> <span class='ocrx_word' id='word_1_303' title='bbox 912 4539 1130 4624; x_wconf 68' lang='lat' dir='ltr'>decimenta,</span> <span class='ocrx_word' id='word_1_304' title='bbox 1156 4537 1207 4602; x_wconf 87' lang='lat' dir='ltr'>sed</span> <span class='ocrx_word' id='word_1_305' title='bbox 1235 4537 1334 4603; x_wconf 89' lang='lat' dir='ltr'>lenius</span> <span class='ocrx_word' id='word_1_306' title='bbox 1356 4537 1416 4602; x_wconf 88' lang='lat' dir='ltr'>for·</span> 
     </span>
    </p>
   </div>
   <div class='ocr_carea' id='block_1_7' title="bbox 0 0 1605 5232">
    <p class='ocr_par' dir='ltr' id='par_1_9' title="bbox 0 0 1605 5232">
     <span class='ocr_line' id='line_1_37' title="bbox 0 0 1605 5232; baseline 0 0"><span class='ocrx_word' id='word_1_307' title='bbox 0 0 1605 5232; x_wconf 95' lang='lat' dir='ltr'> </span> 
     </span>
    </p>
   </div>
  </div>
 </body>
</html>
