<?xml version="1.0" encoding="UTF-8"?>
<!DOCTYPE html PUBLIC "-//W3C//DTD XHTML 1.0 Transitional//EN"
    "http://www.w3.org/TR/xhtml1/DTD/xhtml1-transitional.dtd">
<html xmlns="http://www.w3.org/1999/xhtml" xml:lang="en" lang="en">
 <head>
  <title>
</title>
<meta http-equiv="Content-Type" content="text/html;charset=utf-8" />
  <meta name='ocr-system' content='tesseract 3.04.00' />
  <meta name='ocr-capabilities' content='ocr_page ocr_carea ocr_par ocr_line ocrx_word'/>
</head>
<body>
  <div class='ocr_page' id='page_1' title='image "./studiathucydide00herwgoog_0031.png"; bbox 0 0 3186 5232; ppageno 0'>
   <div class='ocr_carea' id='block_1_1' title="bbox 831 481 872 554">
    <p class='ocr_par' dir='ltr' id='par_1_1' title="bbox 831 481 872 554">
     <span class='ocr_line' id='line_1_1' title="bbox 831 481 872 554; baseline 0.049 -2"><span class='ocrx_word' id='word_1_1' title='bbox 831 481 872 554; x_wconf 82' lang='lat'><strong>18</strong></span> 
     </span>
    </p>
   </div>
   <div class='ocr_carea' id='block_1_2' title="bbox 184 673 1413 767">
    <p class='ocr_par' dir='ltr' id='par_1_2' title="bbox 184 673 1413 767">
     <span class='ocr_line' id='line_1_2' title="bbox 184 673 1413 767; baseline -0.004 -21"><span class='ocrx_word' id='word_1_2' title='bbox 184 758 188 764; x_wconf 29' lang='grc' dir='ltr'>Ι</span> <span class='ocrx_word' id='word_1_3' title='bbox 290 673 447 767; x_wconf 72' lang='grc' dir='ltr'><strong><em>ξύμμαχοι</em></strong></span> <span class='ocrx_word' id='word_1_4' title='bbox 475 681 628 762; x_wconf 78' lang='grc' dir='ltr'><strong><em>ἐπέμενον</em></strong></span> <span class='ocrx_word' id='word_1_5' title='bbox 658 683 711 743; x_wconf 83' lang='grc' dir='ltr'><strong>καί</strong></span> <span class='ocrx_word' id='word_1_6' title='bbox 741 684 851 753; x_wconf 78' lang='grc' dir='ltr'><strong><em>αὐτοῖς</em></strong></span> <span class='ocrx_word' id='word_1_7' title='bbox 876 677 998 743; x_wconf 87' lang='grc' dir='ltr'><strong><em>πολλαί</em></strong></span> <span class='ocrx_word' id='word_1_8' title='bbox 1032 678 1116 743; x_wconf 61' lang='lat' dir='ltr'><strong>totas</strong></span> <span class='ocrx_word' id='word_1_9' title='bbox 1143 677 1290 761; x_wconf 80' lang='grc' dir='ltr'><strong><em>πολέμων</em></strong></span> <span class='ocrx_word' id='word_1_10' title='bbox 1320 679 1413 748; x_wconf 76' lang='grc' dir='ltr'><strong><em>κοιτί-</em></strong></span> 
     </span>
    </p>
   </div>
   <div class='ocr_carea' id='block_1_3' title="bbox 280 788 1479 4663">
    <p class='ocr_par' dir='ltr' id='par_1_3' title="bbox 290 788 1450 1199">
     <span class='ocr_line' id='line_1_3' title="bbox 290 788 1450 878; baseline -0.003 -20"><span class='ocrx_word' id='word_1_11' title='bbox 290 812 427 878; x_wconf 87' lang='grc' dir='ltr'><strong><em>στηοαν·</em></strong></span> <span class='ocrx_word' id='word_1_12' title='bbox 453 795 488 856; x_wconf 90' lang='grc' dir='ltr'><strong>τό</strong></span> <span class='ocrx_word' id='word_1_13' title='bbox 511 796 570 875; x_wconf 82' lang='grc' dir='ltr'><strong>μὲν</strong></span> <span class='ocrx_word' id='word_1_14' title='bbox 596 797 655 874; x_wconf 75' lang='grc' dir='ltr'><strong>γάρ</strong></span> <span class='ocrx_word' id='word_1_15' title='bbox 678 796 807 874; x_wconf 85' lang='grc' dir='ltr'><strong><em>πρῶτον</em></strong></span> <span class='ocrx_word' id='word_1_16' title='bbox 831 796 985 875; x_wconf 76' lang='grc' dir='ltr'><strong><em>ἐκράτουν</em></strong></span> <span class='ocrx_word' id='word_1_17' title='bbox 1010 799 1064 874; x_wconf 79' lang='grc' dir='ltr'><strong>τῆς</strong></span> <span class='ocrx_word' id='word_1_18' title='bbox 1088 795 1263 871; x_wconf 78' lang='grc' dir='ltr'><strong><em>Αἰνιίπτου</em></strong></span> <span class='ocrx_word' id='word_1_19' title='bbox 1291 788 1411 876; x_wconf 80' lang='grc' dir='ltr'><strong>[Ἀθη</strong></span> <span class='ocrx_word' id='word_1_20' title='bbox 1449 849 1450 854; x_wconf 73' lang='grc'>,</span> 
     </span>
     <span class='ocr_line' id='line_1_4' title="bbox 293 903 1410 990; baseline -0.004 -17"><span class='ocrx_word' id='word_1_21' title='bbox 293 907 406 989; x_wconf 83' lang='grc' dir='ltr'><strong><em>ναῖοι].</em></strong></span> <span class='ocrx_word' id='word_1_22' title='bbox 433 903 514 968; x_wconf 85' lang='lat' dir='ltr'><strong>Scire</strong></span> <span class='ocrx_word' id='word_1_23' title='bbox 539 904 684 989; x_wconf 84' lang='lat' dir='ltr'><strong>pervelim</strong></span> <span class='ocrx_word' id='word_1_24' title='bbox 709 904 746 967; x_wconf 92' lang='lat' dir='ltr'><strong>de</strong></span> <span class='ocrx_word' id='word_1_25' title='bbox 770 903 950 990; x_wconf 81' lang='lat' dir='ltr'>quibusnam</span> <span class='ocrx_word' id='word_1_26' title='bbox 975 904 1043 968; x_wconf 86' lang='lat' dir='ltr'><strong>aliis</strong></span> <span class='ocrx_word' id='word_1_27' title='bbox 1068 904 1194 989; x_wconf 86' lang='lat' dir='ltr'><strong>cogitari</strong></span> <span class='ocrx_word' id='word_1_28' title='bbox 1210 905 1305 988; x_wconf 84' lang='lat' dir='ltr'><strong>possit</strong></span> <span class='ocrx_word' id='word_1_29' title='bbox 1321 926 1410 987; x_wconf 90' lang='lat' dir='ltr'><strong>quam</strong></span> 
     </span>
     <span class='ocr_line' id='line_1_5' title="bbox 292 1017 1411 1103; baseline 0 -19"><span class='ocrx_word' id='word_1_30' title='bbox 292 1019 329 1084; x_wconf 91' lang='lat' dir='ltr'><strong>de</strong></span> <span class='ocrx_word' id='word_1_31' title='bbox 364 1017 601 1084; x_wconf 79' lang='lat' dir='ltr'><strong>Atheniensibus</strong></span> <span class='ocrx_word' id='word_1_32' title='bbox 635 1017 723 1082; x_wconf 93' lang='lat' dir='ltr'><strong>modo</strong></span> <span class='ocrx_word' id='word_1_33' title='bbox 759 1019 1007 1083; x_wconf 83' lang='lat' dir='ltr'><strong>commemoratis.</strong></span> <span class='ocrx_word' id='word_1_34' title='bbox 1058 1021 1162 1103; x_wconf 82' lang='lat' dir='ltr'><strong>Apage</strong></span> <span class='ocrx_word' id='word_1_35' title='bbox 1185 1019 1281 1102; x_wconf 85' lang='lat' dir='ltr'><strong>igitur</strong></span> <span class='ocrx_word' id='word_1_36' title='bbox 1303 1020 1411 1084; x_wconf 85' lang='lat' dir='ltr'><strong>istius·</strong></span> 
     </span>
     <span class='ocr_line' id='line_1_6' title="bbox 293 1129 994 1199; baseline 0.001 -1"><span class='ocrx_word' id='word_1_37' title='bbox 293 1135 375 1198; x_wconf 93' lang='lat' dir='ltr'><strong>modi</strong></span> <span class='ocrx_word' id='word_1_38' title='bbox 398 1134 514 1199; x_wconf 78' lang='lat' dir='ltr'><strong>sordes!</strong></span> <span class='ocrx_word' id='word_1_39' title='bbox 992 1129 994 1136; x_wconf 64' lang='grc'>’</span> 
     </span>
    </p>

    <p class='ocr_par' dir='ltr' id='par_1_4' title="bbox 290 1247 1407 1676">
     <span class='ocr_line' id='line_1_7' title="bbox 336 1247 1407 1340; baseline 0.002 -28"><span class='ocrx_word' id='word_1_40' title='bbox 336 1247 417 1340; x_wconf 50' lang='lat' dir='ltr'><strong>Cap.¹</strong></span> <span class='ocrx_word' id='word_1_41' title='bbox 437 1252 499 1314; x_wconf 74' lang='lat'><strong>112</strong></span> <span class='ocrx_word' id='word_1_42' title='bbox 523 1251 540 1334; x_wconf 65' lang='grc' dir='ltr'><strong><em>ό</em></strong></span> <span class='ocrx_word' id='word_1_43' title='bbox 564 1252 594 1314; x_wconf 90' lang='grc'><strong>1.</strong></span> <span class='ocrx_word' id='word_1_44' title='bbox 618 1259 813 1327; x_wconf 83' lang='grc' dir='ltr'><strong><em>πενταετεῖς.</em></strong></span> <span class='ocrx_word' id='word_1_45' title='bbox 840 1248 979 1312; x_wconf 82' lang='lat' dir='ltr'><strong>Atticum</strong></span> <span class='ocrx_word' id='word_1_46' title='bbox 999 1253 1044 1310; x_wconf 87' lang='lat' dir='ltr'><strong>est</strong></span> <span class='ocrx_word' id='word_1_47' title='bbox 1061 1258 1230 1325; x_wconf 83' lang='grc' dir='ltr'><strong><em>πεντετεῒς.</em></strong></span> <span class='ocrx_word' id='word_1_48' title='bbox 1250 1247 1297 1312; x_wconf 82' lang='lat' dir='ltr'><strong>Of.</strong></span> <span class='ocrx_word' id='word_1_49' title='bbox 1315 1247 1407 1314; x_wconf 88' lang='lat' dir='ltr'><strong>Arist.</strong></span> 
     </span>
     <span class='ocr_line' id='line_1_8' title="bbox 290 1361 1407 1450; baseline -0.001 -22"><span class='ocrx_word' id='word_1_50' title='bbox 290 1363 365 1428; x_wconf 75' lang='lat' dir='ltr'><strong>Aah.</strong></span> <span class='ocrx_word' id='word_1_51' title='bbox 391 1365 463 1429; x_wconf 88' lang='grc'><strong>188.</strong></span> <span class='ocrx_word' id='word_1_52' title='bbox 489 1361 593 1426; x_wconf 89' lang='lat' dir='ltr'><strong>Medio</strong></span> <span class='ocrx_word' id='word_1_53' title='bbox 616 1362 676 1426; x_wconf 86' lang='lat' dir='ltr'><strong>fere</strong></span> <span class='ocrx_word' id='word_1_54' title='bbox 701 1363 813 1448; x_wconf 85' lang='lat' dir='ltr'><strong>eapite:</strong></span> <span class='ocrx_word' id='word_1_55' title='bbox 833 1367 868 1430; x_wconf 80' lang='grc' dir='ltr'><strong>αἱ</strong></span> <span class='ocrx_word' id='word_1_56' title='bbox 884 1366 913 1430; x_wconf 84' lang='lat' dir='ltr'><strong>d’</strong></span> <span class='ocrx_word' id='word_1_57' title='bbox 931 1364 1031 1430; x_wconf 80' lang='grc' dir='ltr'><strong><em>ἄλλαι</em></strong></span> <span class='ocrx_word' id='word_1_58' title='bbox 1049 1366 1165 1432; x_wconf 88' lang='grc' dir='ltr'><strong><em>Κίτιον</em></strong></span> <span class='ocrx_word' id='word_1_59' title='bbox 1185 1365 1407 1450; x_wconf 78' lang='grc' dir='ltr'><strong><em>ἐπολιόρκουν.</em></strong></span> 
     </span>
     <span class='ocr_line' id='line_1_9' title="bbox 291 1479 1407 1566; baseline 0.001 -21"><span class='ocrx_word' id='word_1_60' title='bbox 291 1483 438 1562; x_wconf 84' lang='grc' dir='ltr'><strong><em>Κίμωνος</em></strong></span> <span class='ocrx_word' id='word_1_61' title='bbox 473 1479 500 1542; x_wconf 77' lang='grc' dir='ltr'><strong>δ’</strong></span> <span class='ocrx_word' id='word_1_62' title='bbox 531 1479 761 1554; x_wconf 72' lang='grc' dir='ltr'><strong><em>αποθανόντος</em></strong></span> <span class='ocrx_word' id='word_1_63' title='bbox 795 1483 848 1544; x_wconf 88' lang='grc' dir='ltr'><strong>καί</strong></span> <span class='ocrx_word' id='word_1_64' title='bbox 880 1479 971 1562; x_wconf 77' lang='grc' dir='ltr'><strong><em>λιμοῦ</em></strong></span> <span class='ocrx_word' id='word_1_65' title='bbox 997 1479 1171 1561; x_wconf 79' lang='grc' dir='ltr'><strong><em>γενομένου</em></strong></span> <span class='ocrx_word' id='word_1_66' title='bbox 1194 1481 1407 1566; x_wconf 73' lang='grc' dir='ltr'><strong><em>ἀπεχώρησαν</em></strong></span> 
     </span>
     <span class='ocr_line' id='line_1_10' title="bbox 290 1591 1404 1676; baseline -0.001 -17"><span class='ocrx_word' id='word_1_67' title='bbox 290 1597 355 1660; x_wconf 76' lang='lat' dir='ltr'><strong>dno</strong></span> <span class='ocrx_word' id='word_1_68' title='bbox 380 1596 498 1660; x_wconf 83' lang='grc' dir='ltr'><strong><em>Κιτίου</em></strong></span> <span class='ocrx_word' id='word_1_69' title='bbox 524 1591 584 1655; x_wconf 94' lang='lat' dir='ltr'><strong>duo</strong></span> <span class='ocrx_word' id='word_1_70' title='bbox 610 1591 717 1655; x_wconf 89' lang='lat' dir='ltr'><strong>ultima</strong></span> <span class='ocrx_word' id='word_1_71' title='bbox 742 1591 885 1658; x_wconf 88' lang='lat' dir='ltr'><strong>voeabula</strong></span> <span class='ocrx_word' id='word_1_72' title='bbox 909 1613 970 1656; x_wconf 91' lang='lat' dir='ltr'><strong>non</strong></span> <span class='ocrx_word' id='word_1_73' title='bbox 988 1591 1122 1655; x_wconf 85' lang='lat' dir='ltr'><strong>insiticia</strong></span> <span class='ocrx_word' id='word_1_74' title='bbox 1137 1613 1198 1656; x_wconf 89' lang='lat' dir='ltr'><strong>esse</strong></span> <span class='ocrx_word' id='word_1_75' title='bbox 1214 1591 1326 1656; x_wconf 84' lang='lat' dir='ltr'><strong>docent</strong></span> <span class='ocrx_word' id='word_1_76' title='bbox 1342 1614 1404 1676; x_wconf 87' lang='lat' dir='ltr'><strong>sqq.</strong></span> 
     </span>
    </p>

    <p class='ocr_par' dir='ltr' id='par_1_5' title="bbox 288 1707 1407 2365">
     <span class='ocr_line' id='line_1_11' title="bbox 333 1707 1406 1795; baseline 0.002 -23"><span class='ocrx_word' id='word_1_77' title='bbox 333 1707 404 1792; x_wconf 78' lang='lat' dir='ltr'><strong>Cap.</strong></span> <span class='ocrx_word' id='word_1_78' title='bbox 434 1709 497 1772; x_wconf 78' lang='lat'><strong>114</strong></span> <span class='ocrx_word' id='word_1_79' title='bbox 521 1707 537 1790; x_wconf 62' lang='grc' dir='ltr'>ᾧ</span> <span class='ocrx_word' id='word_1_80' title='bbox 563 1709 590 1771; x_wconf 92' lang='lat'><strong>1.</strong></span> <span class='ocrx_word' id='word_1_81' title='bbox 625 1712 721 1773; x_wconf 89' lang='grc' dir='ltr'><strong><em>Μετὰ</em></strong></span> <span class='ocrx_word' id='word_1_82' title='bbox 746 1708 779 1773; x_wconf 76' lang='grc' dir='ltr'><strong>δι’</strong></span> <span class='ocrx_word' id='word_1_83' title='bbox 805 1715 908 1772; x_wconf 81' lang='grc' dir='ltr'><strong><em>ταῦτα</em></strong></span> <span class='ocrx_word' id='word_1_84' title='bbox 932 1709 967 1774; x_wconf 83' lang='lat' dir='ltr'><strong>od</strong></span> <span class='ocrx_word' id='word_1_85' title='bbox 992 1707 1101 1792; x_wconf 76' lang='grc' dir='ltr'><strong><em>πολλῷ</em></strong></span> <span class='ocrx_word' id='word_1_86' title='bbox 1124 1709 1254 1793; x_wconf 83' lang='grc' dir='ltr'><strong><em>ὕστερον</em></strong></span> <span class='ocrx_word' id='word_1_87' title='bbox 1279 1714 1406 1795; x_wconf 79' lang='grc' dir='ltr'><strong><em>Εὔβοια</em></strong></span> 
     </span>
     <span class='ocr_line' id='line_1_12' title="bbox 289 1820 1403 1911; baseline 0 -21"><span class='ocrx_word' id='word_1_88' title='bbox 289 1825 411 1910; x_wconf 78' lang='grc' dir='ltr'><strong><em>οίπίστη</em></strong></span> <span class='ocrx_word' id='word_1_89' title='bbox 431 1829 495 1890; x_wconf 80' lang='grc' dir='ltr'><strong><em>οίπό</em></strong></span> <span class='ocrx_word' id='word_1_90' title='bbox 519 1823 556 1906; x_wconf 85' lang='lat'><strong>(1.</strong></span> <span class='ocrx_word' id='word_1_91' title='bbox 583 1825 653 1904; x_wconf 71' lang='grc' dir='ltr'><strong>ἀπ’)</strong></span> <span class='ocrx_word' id='word_1_92' title='bbox 679 1820 889 1908; x_wconf 76' lang='grc' dir='ltr'><strong><em>Ἀθηναίων.</em></strong></span> <span class='ocrx_word' id='word_1_93' title='bbox 917 1828 983 1889; x_wconf 85' lang='grc' dir='ltr'><strong>Καί</strong></span> <span class='ocrx_word' id='word_1_94' title='bbox 1010 1828 1040 1900; x_wconf 77' lang='grc' dir='ltr'><strong>ἐς</strong></span> <span class='ocrx_word' id='word_1_95' title='bbox 1055 1827 1154 1906; x_wconf 76' lang='grc' dir='ltr'><strong><em>αὐτὴν</em></strong></span> <span class='ocrx_word' id='word_1_96' title='bbox 1173 1825 1403 1911; x_wconf 75' lang='grc' dir='ltr'><strong><em>διαβεβηκότος</em></strong></span> 
     </span>
     <span class='ocr_line' id='line_1_13' title="bbox 288 1937 1402 2025; baseline -0.004 -20"><span class='ocrx_word' id='word_1_97' title='bbox 288 1942 349 2024; x_wconf 83' lang='grc' dir='ltr'><strong>ἦόη</strong></span> <span class='ocrx_word' id='word_1_98' title='bbox 380 1939 577 2025; x_wconf 75' lang='grc' dir='ltr'><strong><em>Περικλέους</em></strong></span> <span class='ocrx_word' id='word_1_99' title='bbox 610 1951 744 2023; x_wconf 82' lang='grc' dir='ltr'><strong><em>στρατιᾷ</em></strong></span> <span class='ocrx_word' id='word_1_100' title='bbox 781 1937 1012 2023; x_wconf 77' lang='grc' dir='ltr'><strong><em>[Ἀθηναίων]</em></strong></span> <span class='ocrx_word' id='word_1_101' title='bbox 1049 1940 1194 2024; x_wconf 70' lang='grc' dir='ltr'><strong><em>ἠγγέλθη</em></strong></span> <span class='ocrx_word' id='word_1_102' title='bbox 1222 1941 1309 2024; x_wconf 76' lang='grc' dir='ltr'><strong><em>αὐτῷ</em></strong></span> <span class='ocrx_word' id='word_1_103' title='bbox 1337 1945 1402 2005; x_wconf 64' lang='lat' dir='ltr'><strong>aad.</strong></span> 
     </span>
     <span class='ocr_line' id='line_1_14' title="bbox 288 2048 1406 2135; baseline 0.001 -21"><span class='ocrx_word' id='word_1_104' title='bbox 288 2051 400 2116; x_wconf 84' lang='lat' dir='ltr'><strong>Valent</strong></span> <span class='ocrx_word' id='word_1_105' title='bbox 425 2051 462 2114; x_wconf 92' lang='lat' dir='ltr'><strong>de</strong></span> <span class='ocrx_word' id='word_1_106' title='bbox 487 2051 533 2114; x_wconf 90' lang='lat' dir='ltr'><strong>his</strong></span> <span class='ocrx_word' id='word_1_107' title='bbox 558 2071 632 2135; x_wconf 89' lang='lat' dir='ltr'><strong>quae</strong></span> <span class='ocrx_word' id='word_1_108' title='bbox 655 2049 745 2113; x_wconf 92' lang='lat' dir='ltr'><strong>modo</strong></span> <span class='ocrx_word' id='word_1_109' title='bbox 769 2049 843 2114; x_wconf 84' lang='lat' dir='ltr'><strong>dixi.</strong></span> <span class='ocrx_word' id='word_1_110' title='bbox 890 2048 921 2112; x_wconf 90' lang='lat' dir='ltr'><strong>Si</strong></span> <span class='ocrx_word' id='word_1_111' title='bbox 945 2050 1115 2134; x_wconf 81' lang='lat' dir='ltr'><strong>significare</strong></span> <span class='ocrx_word' id='word_1_112' title='bbox 1140 2051 1287 2116; x_wconf 87' lang='lat' dir='ltr'><strong>voluisset</strong></span> <span class='ocrx_word' id='word_1_113' title='bbox 1311 2051 1406 2117; x_wconf 73' lang='lat' dir='ltr'><strong>Thoe.</strong></span> 
     </span>
     <span class='ocr_line' id='line_1_15' title="bbox 288 2166 1407 2251; baseline 0.001 -21"><span class='ocrx_word' id='word_1_114' title='bbox 288 2167 436 2231; x_wconf 80' lang='lat' dir='ltr'><strong>exercitui</strong></span> <span class='ocrx_word' id='word_1_115' title='bbox 457 2189 518 2230; x_wconf 88' lang='lat' dir='ltr'><strong>non</strong></span> <span class='ocrx_word' id='word_1_116' title='bbox 534 2166 706 2232; x_wconf 78' lang='lat' dir='ltr'><strong>interfuisse</strong></span> <span class='ocrx_word' id='word_1_117' title='bbox 722 2166 939 2245; x_wconf 82' lang='lat' dir='ltr'><strong>mercenarios,</strong></span> <span class='ocrx_word' id='word_1_118' title='bbox 957 2166 1124 2231; x_wconf 79' lang='lat' dir='ltr'><strong>addidisset</strong></span> <span class='ocrx_word' id='word_1_119' title='bbox 1143 2167 1240 2250; x_wconf 86' lang='lat' dir='ltr'><strong>potius</strong></span> <span class='ocrx_word' id='word_1_120' title='bbox 1257 2170 1407 2251; x_wconf 83' lang='grc' dir='ltr'><strong><em>πολιτικῇ</em></strong></span> 
     </span>
     <span class='ocr_line' id='line_1_16' title="bbox 289 2276 849 2365; baseline 0 -21"><span class='ocrx_word' id='word_1_121' title='bbox 289 2290 343 2344; x_wconf 86' lang='lat' dir='ltr'><strong>aut</strong></span> <span class='ocrx_word' id='word_1_122' title='bbox 368 2280 465 2345; x_wconf 89' lang='lat' dir='ltr'><strong>simile</strong></span> <span class='ocrx_word' id='word_1_123' title='bbox 488 2281 580 2365; x_wconf 89' lang='lat' dir='ltr'><strong>quid,</strong></span> <span class='ocrx_word' id='word_1_124' title='bbox 606 2289 641 2345; x_wconf 87' lang='lat' dir='ltr'><strong>ut</strong></span> <span class='ocrx_word' id='word_1_125' title='bbox 664 2281 779 2365; x_wconf 89' lang='lat' dir='ltr'><strong>opinor.</strong></span> <span class='ocrx_word' id='word_1_126' title='bbox 847 2276 849 2281; x_wconf 64' lang='grc'>’</span> 
     </span>
    </p>

    <p class='ocr_par' dir='ltr' id='par_1_6' title="bbox 285 2390 1479 3512">
     <span class='ocr_line' id='line_1_17' title="bbox 331 2390 1479 2484; baseline -0.005 -19"><span class='ocrx_word' id='word_1_127' title='bbox 331 2396 351 2465; x_wconf 73' lang='lat' dir='ltr'><strong>i</strong></span> <span class='ocrx_word' id='word_1_128' title='bbox 383 2395 455 2480; x_wconf 80' lang='lat' dir='ltr'><strong>Cap.</strong></span> <span class='ocrx_word' id='word_1_129' title='bbox 490 2398 552 2462; x_wconf 81' lang='lat'><strong>115</strong></span> <span class='ocrx_word' id='word_1_130' title='bbox 587 2398 657 2480; x_wconf 59' lang='grc' dir='ltr'><strong>βλ.</strong></span> <span class='ocrx_word' id='word_1_131' title='bbox 682 2398 1010 2484; x_wconf 86' lang='grc' dir='ltr'><strong><em>ξυνεπελαμβόινοντο</em></strong></span> <span class='ocrx_word' id='word_1_132' title='bbox 1036 2399 1069 2462; x_wconf 77' lang='grc' dir='ltr'><strong>δὲ</strong></span> <span class='ocrx_word' id='word_1_133' title='bbox 1095 2402 1149 2462; x_wconf 82' lang='grc' dir='ltr'><strong>καὶ</strong></span> <span class='ocrx_word' id='word_1_134' title='bbox 1174 2398 1207 2473; x_wconf 78' lang='grc' dir='ltr'><strong>ἐξ</strong></span> <span class='ocrx_word' id='word_1_135' title='bbox 1231 2396 1328 2478; x_wconf 80' lang='grc' dir='ltr'><strong><em>αὐτῆς</em></strong></span> <span class='ocrx_word' id='word_1_136' title='bbox 1352 2403 1406 2478; x_wconf 80' lang='grc' dir='ltr'><strong>τῆς</strong></span> <span class='ocrx_word' id='word_1_137' title='bbox 1476 2390 1479 2395; x_wconf 52' lang='grc'><strong>’</strong></span> 
     </span>
     <span class='ocr_line' id='line_1_18' title="bbox 287 2508 1405 2599; baseline -0.002 -23"><span class='ocrx_word' id='word_1_138' title='bbox 287 2517 402 2597; x_wconf 86' lang='grc' dir='ltr'><strong><em>Σάμου</em></strong></span> <span class='ocrx_word' id='word_1_139' title='bbox 430 2514 546 2599; x_wconf 78' lang='grc' dir='ltr'><strong><em>ἄνδρες</em></strong></span> <span class='ocrx_word' id='word_1_140' title='bbox 579 2514 753 2578; x_wconf 79' lang='grc' dir='ltr'><strong><em>ἰδιῶται</em></strong></span> <span class='ocrx_word' id='word_1_141' title='bbox 788 2516 970 2596; x_wconf 78' lang='grc' dir='ltr'><strong><em>νεωτερίσαι</em></strong></span> <span class='ocrx_word' id='word_1_142' title='bbox 1003 2511 1191 2597; x_wconf 76' lang='grc' dir='ltr'><strong><em>βουλόμενοι</em></strong></span> <span class='ocrx_word' id='word_1_143' title='bbox 1219 2508 1291 2592; x_wconf 82' lang='grc' dir='ltr'><strong><em>[τὴν</em></strong></span> <span class='ocrx_word' id='word_1_144' title='bbox 1316 2510 1405 2575; x_wconf 86' lang='grc' dir='ltr'><strong><em>πολι·</em></strong></span> 
     </span>
     <span class='ocr_line' id='line_1_19' title="bbox 287 2622 1403 2710; baseline -0.004 -20"><span class='ocrx_word' id='word_1_145' title='bbox 287 2627 406 2710; x_wconf 82' lang='grc' dir='ltr'><strong><em>τείαν].</em></strong></span> <span class='ocrx_word' id='word_1_146' title='bbox 454 2624 664 2709; x_wconf 73' lang='lat' dir='ltr'><strong>Expungenda</strong></span> <span class='ocrx_word' id='word_1_147' title='bbox 689 2647 752 2688; x_wconf 90' lang='lat' dir='ltr'><strong>esse</strong></span> <span class='ocrx_word' id='word_1_148' title='bbox 778 2625 837 2688; x_wconf 91' lang='lat' dir='ltr'><strong>duo</strong></span> <span class='ocrx_word' id='word_1_149' title='bbox 862 2625 968 2690; x_wconf 87' lang='lat' dir='ltr'><strong>ultima</strong></span> <span class='ocrx_word' id='word_1_150' title='bbox 992 2623 1136 2688; x_wconf 84' lang='lat' dir='ltr'><strong>voeabula</strong></span> <span class='ocrx_word' id='word_1_151' title='bbox 1160 2645 1257 2708; x_wconf 86' lang='lat' dir='ltr'><strong>nuper</strong></span> <span class='ocrx_word' id='word_1_152' title='bbox 1273 2622 1332 2687; x_wconf 90' lang='lat' dir='ltr'><strong>iam</strong></span> <span class='ocrx_word' id='word_1_153' title='bbox 1351 2623 1403 2686; x_wconf 93' lang='lat' dir='ltr'><strong>do-</strong></span> 
     </span>
     <span class='ocr_line' id='line_1_20' title="bbox 287 2739 1401 2827; baseline 0.005 -25"><span class='ocrx_word' id='word_1_154' title='bbox 287 2739 334 2802; x_wconf 88' lang='lat' dir='ltr'><strong>cui</strong></span> <span class='ocrx_word' id='word_1_155' title='bbox 359 2739 390 2804; x_wconf 92' lang='lat' dir='ltr'><strong>in</strong></span> <span class='ocrx_word' id='word_1_156' title='bbox 415 2741 570 2805; x_wconf 81' lang='lat' dir='ltr'><strong>Analeetis</strong></span> <span class='ocrx_word' id='word_1_157' title='bbox 595 2740 707 2804; x_wconf 83' lang='lat' dir='ltr'><strong>criticis</strong></span> <span class='ocrx_word' id='word_1_158' title='bbox 730 2762 760 2824; x_wconf 91' lang='lat' dir='ltr'><strong>p.</strong></span> <span class='ocrx_word' id='word_1_159' title='bbox 786 2744 805 2804; x_wconf 76' lang='lat'><strong>2</strong></span> <span class='ocrx_word' id='word_1_160' title='bbox 829 2761 954 2805; x_wconf 90' lang='lat' dir='ltr'><strong>monens</strong></span> <span class='ocrx_word' id='word_1_161' title='bbox 979 2739 1128 2803; x_wconf 81' lang='lat' dir='ltr'><strong>Graecum</strong></span> <span class='ocrx_word' id='word_1_162' title='bbox 1149 2761 1214 2802; x_wconf 90' lang='lat' dir='ltr'><strong>esse</strong></span> <span class='ocrx_word' id='word_1_163' title='bbox 1230 2747 1325 2827; x_wconf 86' lang='grc' dir='ltr'><strong><em>περὶ</em></strong></span> <span class='ocrx_word' id='word_1_164' title='bbox 1343 2748 1401 2824; x_wconf 80' lang='grc' dir='ltr'><strong>τὴν</strong></span> 
     </span>
     <span class='ocr_line' id='line_1_21' title="bbox 285 2853 1400 2939; baseline -0.003 -17"><span class='ocrx_word' id='word_1_165' title='bbox 285 2856 466 2931; x_wconf 85' lang='grc' dir='ltr'><strong><em>πολιτείαν,</em></strong></span> <span class='ocrx_word' id='word_1_166' title='bbox 481 2856 500 2924; x_wconf 87' lang='lat'><em>†</em></span> <span class='ocrx_word' id='word_1_167' title='bbox 513 2855 565 2919; x_wconf 91' lang='lat' dir='ltr'><strong>sed</strong></span> <span class='ocrx_word' id='word_1_168' title='bbox 581 2855 661 2919; x_wconf 89' lang='lat' dir='ltr'><strong>aliud</strong></span> <span class='ocrx_word' id='word_1_169' title='bbox 683 2854 893 2939; x_wconf 86' lang='lat' dir='ltr'><strong>corrigendum</strong></span> <span class='ocrx_word' id='word_1_170' title='bbox 910 2861 1015 2917; x_wconf 88' lang='lat' dir='ltr'><strong>restat.</strong></span> <span class='ocrx_word' id='word_1_171' title='bbox 1039 2853 1108 2916; x_wconf 89' lang='lat' dir='ltr'><strong>Iure</strong></span> <span class='ocrx_word' id='word_1_172' title='bbox 1124 2853 1204 2916; x_wconf 89' lang='lat' dir='ltr'><strong>enim</strong></span> <span class='ocrx_word' id='word_1_173' title='bbox 1220 2853 1252 2917; x_wconf 94' lang='lat' dir='ltr'><strong>in</strong></span> <span class='ocrx_word' id='word_1_174' title='bbox 1273 2857 1400 2921; x_wconf 79' lang='grc' dir='ltr'><strong><em>ἰδιῶται</em></strong></span> 
     </span>
     <span class='ocr_line' id='line_1_22' title="bbox 285 2967 1403 3056; baseline 0 -25"><span class='ocrx_word' id='word_1_175' title='bbox 285 2967 412 3032; x_wconf 87' lang='lat' dir='ltr'><strong>haerens</strong></span> <span class='ocrx_word' id='word_1_176' title='bbox 448 2969 569 3056; x_wconf 84' lang='lat' dir='ltr'><strong>Kriiger</strong></span> <span class='ocrx_word' id='word_1_177' title='bbox 600 2969 700 3034; x_wconf 86' lang='lat' dir='ltr'><strong>minus</strong></span> <span class='ocrx_word' id='word_1_178' title='bbox 734 2976 816 3033; x_wconf 89' lang='lat' dir='ltr'><strong>reete</strong></span> <span class='ocrx_word' id='word_1_179' title='bbox 840 2968 986 3054; x_wconf 83' lang='lat' dir='ltr'><strong>expunxit</strong></span> <span class='ocrx_word' id='word_1_180' title='bbox 1009 2967 1085 3031; x_wconf 92' lang='lat' dir='ltr'><strong>illud</strong></span> <span class='ocrx_word' id='word_1_181' title='bbox 1109 2967 1307 3032; x_wconf 77' lang='lat' dir='ltr'><strong>vocabulum:</strong></span> <span class='ocrx_word' id='word_1_182' title='bbox 1333 2990 1403 3033; x_wconf 89' lang='lat' dir='ltr'><strong>nam</strong></span> 
     </span>
     <span class='ocr_line' id='line_1_23' title="bbox 285 3080 1419 3166; baseline 0 -22"><span class='ocrx_word' id='word_1_183' title='bbox 285 3083 435 3165; x_wconf 87' lang='lat' dir='ltr'><strong>quomodo</strong></span> <span class='ocrx_word' id='word_1_184' title='bbox 461 3083 528 3166; x_wconf 88' lang='lat' dir='ltr'><strong>quis</strong></span> <span class='ocrx_word' id='word_1_185' title='bbox 552 3083 584 3147; x_wconf 91' lang='lat' dir='ltr'><strong>in</strong></span> <span class='ocrx_word' id='word_1_186' title='bbox 607 3083 742 3148; x_wconf 90' lang='lat' dir='ltr'><strong>animum</strong></span> <span class='ocrx_word' id='word_1_187' title='bbox 765 3082 920 3147; x_wconf 87' lang='lat' dir='ltr'><strong>induxerit</strong></span> <span class='ocrx_word' id='word_1_188' title='bbox 936 3081 1013 3146; x_wconf 87' lang='lat' dir='ltr'><strong>illud</strong></span> <span class='ocrx_word' id='word_1_189' title='bbox 1030 3080 1200 3146; x_wconf 86' lang='lat' dir='ltr'><strong>adscribere</strong></span> <span class='ocrx_word' id='word_1_190' title='bbox 1219 3081 1296 3146; x_wconf 88' lang='lat' dir='ltr'><strong>haud</strong></span> <span class='ocrx_word' id='word_1_191' title='bbox 1317 3082 1419 3152; x_wconf 68' lang='lat' dir='ltr'><strong>faoile⁴</strong></span> 
     </span>
     <span class='ocr_line' id='line_1_24' title="bbox 288 3195 1403 3274; baseline -0.004 -13"><span class='ocrx_word' id='word_1_192' title='bbox 288 3198 476 3263; x_wconf 88' lang='lat' dir='ltr'><strong>ostendetur.</strong></span> <span class='ocrx_word' id='word_1_193' title='bbox 501 3198 594 3263; x_wconf 87' lang='lat' dir='ltr'><strong>Haud</strong></span> <span class='ocrx_word' id='word_1_194' title='bbox 617 3197 709 3263; x_wconf 90' lang='lat' dir='ltr'><strong>dubie</strong></span> <span class='ocrx_word' id='word_1_195' title='bbox 734 3221 801 3263; x_wconf 89' lang='lat' dir='ltr'><strong>vere</strong></span> <span class='ocrx_word' id='word_1_196' title='bbox 824 3199 857 3263; x_wconf 90' lang='lat' dir='ltr'><strong>iu</strong></span> <span class='ocrx_word' id='word_1_197' title='bbox 872 3197 1071 3262; x_wconf 86' lang='lat' dir='ltr'><strong>adnotatione</strong></span> <span class='ocrx_word' id='word_1_198' title='bbox 1089 3197 1189 3274; x_wconf 87' lang='lat' dir='ltr'><strong>idem,</strong></span> <span class='ocrx_word' id='word_1_199' title='bbox 1215 3197 1322 3260; x_wconf 83' lang='lat' dir='ltr'><strong>collato</strong></span> <span class='ocrx_word' id='word_1_200' title='bbox 1338 3195 1403 3258; x_wconf 88' lang='lat' dir='ltr'><strong>loeo</strong></span> 
     </span>
     <span class='ocr_line' id='line_1_25' title="bbox 286 3310 1403 3402; baseline -0.002 -28"><span class='ocrx_word' id='word_1_201' title='bbox 286 3310 374 3377; x_wconf 78' lang='lat'><strong>1112</strong></span> <span class='ocrx_word' id='word_1_202' title='bbox 400 3313 416 3396; x_wconf 66' lang='grc' dir='ltr'><strong><em>ό</em></strong></span> <span class='ocrx_word' id='word_1_203' title='bbox 440 3316 477 3391; x_wconf 78' lang='grc'><strong>2,</strong></span> <span class='ocrx_word' id='word_1_204' title='bbox 504 3313 672 3397; x_wconf 83' lang='lat' dir='ltr'><strong>suspicatus</strong></span> <span class='ocrx_word' id='word_1_205' title='bbox 695 3319 741 3376; x_wconf 89' lang='lat' dir='ltr'><strong>est</strong></span> <span class='ocrx_word' id='word_1_206' title='bbox 765 3315 853 3402; x_wconf 75' lang='grc' dir='ltr'><strong><em>ἰδίη,</em></strong></span> <span class='ocrx_word' id='word_1_207' title='bbox 881 3313 962 3397; x_wconf 93' lang='lat' dir='ltr'><strong>quod</strong></span> <span class='ocrx_word' id='word_1_208' title='bbox 988 3312 1061 3377; x_wconf 86' lang='lat' dir='ltr'><strong>mihi</strong></span> <span class='ocrx_word' id='word_1_209' title='bbox 1078 3333 1197 3396; x_wconf 91' lang='lat' dir='ltr'><strong>quoque</strong></span> <span class='ocrx_word' id='word_1_210' title='bbox 1214 3311 1341 3374; x_wconf 87' lang='lat' dir='ltr'><strong>eundem</strong></span> <span class='ocrx_word' id='word_1_211' title='bbox 1358 3310 1403 3374; x_wconf 96' lang='lat' dir='ltr'><strong>lo-</strong></span> 
     </span>
     <span class='ocr_line' id='line_1_26' title="bbox 285 3428 820 3512; baseline 0.006 -22"><span class='ocrx_word' id='word_1_212' title='bbox 285 3449 352 3490; x_wconf 88' lang='lat' dir='ltr'><strong>enm</strong></span> <span class='ocrx_word' id='word_1_213' title='bbox 376 3428 492 3512; x_wconf 86' lang='lat' dir='ltr'><strong>legenti</strong></span> <span class='ocrx_word' id='word_1_214' title='bbox 515 3428 545 3491; x_wconf 92' lang='lat' dir='ltr'><strong>in</strong></span> <span class='ocrx_word' id='word_1_215' title='bbox 570 3435 705 3492; x_wconf 89' lang='lat' dir='ltr'><strong>mentem</strong></span> <span class='ocrx_word' id='word_1_216' title='bbox 730 3429 820 3493; x_wconf 87' lang='lat' dir='ltr'><strong>venit.</strong></span> 
     </span>
    </p>

    <p class='ocr_par' dir='ltr' id='par_1_7' title="bbox 280 3541 1403 4663">
     <span class='ocr_line' id='line_1_27' title="bbox 327 3541 1403 3629; baseline 0.002 -25"><span class='ocrx_word' id='word_1_217' title='bbox 327 3541 397 3627; x_wconf 78' lang='lat' dir='ltr'><strong>Cap.</strong></span> <span class='ocrx_word' id='word_1_218' title='bbox 434 3545 507 3608; x_wconf 87' lang='lat'>118.</span> <span class='ocrx_word' id='word_1_219' title='bbox 538 3550 615 3607; x_wconf 80' lang='lat' dir='ltr'><strong>extr.</strong></span> <span class='ocrx_word' id='word_1_220' title='bbox 641 3550 694 3610; x_wconf 79' lang='grc' dir='ltr'><strong>καί</strong></span> <span class='ocrx_word' id='word_1_221' title='bbox 720 3549 816 3620; x_wconf 82' lang='grc' dir='ltr'><strong><em>αότός</em></strong></span> <span class='ocrx_word' id='word_1_222' title='bbox 840 3546 900 3629; x_wconf 76' lang='grc' dir='ltr'><strong>ἔφη</strong></span> <span class='ocrx_word' id='word_1_223' title='bbox 925 3544 1150 3628; x_wconf 77' lang='grc' dir='ltr'><strong><em>ξυλληψεσθοιι</em></strong></span> <span class='ocrx_word' id='word_1_224' title='bbox 1175 3546 1229 3606; x_wconf 82' lang='grc' dir='ltr'><strong>καί</strong></span> <span class='ocrx_word' id='word_1_225' title='bbox 1254 3568 1403 3627; x_wconf 88' lang='grc' dir='ltr'><strong><em>παρακα-</em></strong></span> 
     </span>
     <span class='ocr_line' id='line_1_28' title="bbox 282 3654 1401 3744; baseline -0.003 -22"><span class='ocrx_word' id='word_1_226' title='bbox 282 3658 434 3741; x_wconf 72' lang='grc' dir='ltr'><strong><em>λούμενος</em></strong></span> <span class='ocrx_word' id='word_1_227' title='bbox 470 3665 524 3724; x_wconf 84' lang='grc' dir='ltr'><strong>καί</strong></span> <span class='ocrx_word' id='word_1_228' title='bbox 556 3661 754 3744; x_wconf 81' lang='grc' dir='ltr'><strong><em>ἄκλητος.</em></strong></span> <span class='ocrx_word' id='word_1_229' title='bbox 803 3656 911 3721; x_wconf 86' lang='lat' dir='ltr'><strong>Veram</strong></span> <span class='ocrx_word' id='word_1_230' title='bbox 942 3657 1101 3722; x_wconf 82' lang='lat' dir='ltr'><strong>lectionem</strong></span> <span class='ocrx_word' id='word_1_231' title='bbox 1126 3655 1257 3719; x_wconf 84' lang='lat' dir='ltr'><strong>servavit</strong></span> <span class='ocrx_word' id='word_1_232' title='bbox 1281 3654 1401 3719; x_wconf 84' lang='lat' dir='ltr'><strong>Plutar-</strong></span> 
     </span>
     <span class='ocr_line' id='line_1_29' title="bbox 284 3771 1399 3858; baseline 0.001 -23"><span class='ocrx_word' id='word_1_233' title='bbox 284 3771 357 3836; x_wconf 90' lang='lat' dir='ltr'><strong>ohns</strong></span> <span class='ocrx_word' id='word_1_234' title='bbox 380 3771 416 3834; x_wconf 88' lang='lat' dir='ltr'><strong>de</strong></span> <span class='ocrx_word' id='word_1_235' title='bbox 440 3771 567 3858; x_wconf 86' lang='lat' dir='ltr'><strong>Pythiae</strong></span> <span class='ocrx_word' id='word_1_236' title='bbox 591 3771 717 3835; x_wconf 83' lang='lat' dir='ltr'><strong>oraculis</strong></span> <span class='ocrx_word' id='word_1_237' title='bbox 750 3795 773 3836; x_wconf 90' lang='lat' dir='ltr'><strong>e.</strong></span> <span class='ocrx_word' id='word_1_238' title='bbox 807 3774 848 3837; x_wconf 85' lang='lat'><strong>19</strong></span> <span class='ocrx_word' id='word_1_239' title='bbox 872 3772 957 3837; x_wconf 83' lang='lat' dir='ltr'><strong>init:</strong></span> <span class='ocrx_word' id='word_1_240' title='bbox 983 3774 1238 3855; x_wconf 79' lang='grc' dir='ltr'><strong><em>Λακεδαιμόνιοι</em></strong></span> <span class='ocrx_word' id='word_1_241' title='bbox 1263 3799 1294 3837; x_wconf 89' lang='grc' dir='ltr'><strong>τε</strong></span> <span class='ocrx_word' id='word_1_242' title='bbox 1319 3779 1399 3857; x_wconf 78' lang='grc' dir='ltr'><strong><em>γάρ,</em></strong></span> 
     </span>
     <span class='ocr_line' id='line_1_30' title="bbox 282 3889 1401 3973; baseline 0.002 -22"><span class='ocrx_word' id='word_1_243' title='bbox 282 3891 324 3962; x_wconf 82' lang='grc' dir='ltr'><strong>ὡς</strong></span> <span class='ocrx_word' id='word_1_244' title='bbox 347 3889 552 3973; x_wconf 80' lang='grc' dir='ltr'><strong><em>Θονκυδίδης</em></strong></span> <span class='ocrx_word' id='word_1_245' title='bbox 578 3892 721 3973; x_wconf 84' lang='grc' dir='ltr'><strong><em>ἱστόρηκε</em></strong></span> <span class='ocrx_word' id='word_1_246' title='bbox 746 3892 816 3970; x_wconf 87' lang='grc' dir='ltr'><strong><em>περί</em></strong></span> <span class='ocrx_word' id='word_1_247' title='bbox 842 3897 897 3954; x_wconf 77' lang='grc' dir='ltr'><strong>τοῦ</strong></span> <span class='ocrx_word' id='word_1_248' title='bbox 922 3893 1000 3973; x_wconf 83' lang='grc' dir='ltr'><strong><em>πρός</em></strong></span> <span class='ocrx_word' id='word_1_249' title='bbox 1028 3889 1235 3972; x_wconf 80' lang='grc' dir='ltr'><strong><em>Ἀθηναίους</em></strong></span> <span class='ocrx_word' id='word_1_250' title='bbox 1260 3889 1401 3971; x_wconf 79' lang='grc' dir='ltr'><strong><em>πολέμου</em></strong></span> 
     </span>
     <span class='ocr_line' id='line_1_31' title="bbox 283 3999 1401 4089; baseline 0 -23"><span class='ocrx_word' id='word_1_251' title='bbox 283 4003 454 4086; x_wconf 78' lang='grc' dir='ltr'><strong><em>χρωμένοις</em></strong></span> <span class='ocrx_word' id='word_1_252' title='bbox 489 4004 596 4071; x_wconf 76' lang='grc' dir='ltr'><strong><em>ἀνεῖλε</em></strong></span> <span class='ocrx_word' id='word_1_253' title='bbox 632 4007 725 4089; x_wconf 90' lang='grc' dir='ltr'><strong><em>νίκην</em></strong></span> <span class='ocrx_word' id='word_1_254' title='bbox 759 4008 812 4068; x_wconf 86' lang='grc' dir='ltr'><strong>καί</strong></span> <span class='ocrx_word' id='word_1_255' title='bbox 847 4011 960 4088; x_wconf 84' lang='grc' dir='ltr'><strong><em>κράτος</em></strong></span> <span class='ocrx_word' id='word_1_256' title='bbox 994 4000 1025 4083; x_wconf 80' lang='lat' dir='ltr'><strong>(l.</strong></span> <span class='ocrx_word' id='word_1_257' title='bbox 1062 4023 1130 4064; x_wconf 88' lang='lat' dir='ltr'><strong>cum</strong></span> <span class='ocrx_word' id='word_1_258' title='bbox 1155 3999 1293 4084; x_wconf 84' lang='lat' dir='ltr'><strong>Kriigero</strong></span> <span class='ocrx_word' id='word_1_259' title='bbox 1318 4008 1401 4068; x_wconf 84' lang='grc' dir='ltr'><strong><em>κατὰ</em></strong></span> 
     </span>
     <span class='ocr_line' id='line_1_32' title="bbox 283 4118 1401 4204; baseline 0.003 -25"><span class='ocrx_word' id='word_1_260' title='bbox 283 4124 398 4197; x_wconf 85' lang='grc' dir='ltr'><strong><em>κράτος</em></strong></span> <span class='ocrx_word' id='word_1_261' title='bbox 430 4118 613 4202; x_wconf 80' lang='grc' dir='ltr'><strong><em>πολεμοῦσι)</em></strong></span> <span class='ocrx_word' id='word_1_262' title='bbox 649 4123 702 4183; x_wconf 87' lang='grc' dir='ltr'><strong>καί</strong></span> <span class='ocrx_word' id='word_1_263' title='bbox 735 4121 911 4204; x_wconf 74' lang='grc' dir='ltr'><strong><em>βοηθήσειν</em></strong></span> <span class='ocrx_word' id='word_1_264' title='bbox 936 4119 1031 4194; x_wconf 79' lang='grc' dir='ltr'><strong><em>αὐτὸς</em></strong></span> <span class='ocrx_word' id='word_1_265' title='bbox 1056 4121 1110 4182; x_wconf 85' lang='grc' dir='ltr'><strong>καί</strong></span> <span class='ocrx_word' id='word_1_266' title='bbox 1136 4118 1401 4204; x_wconf 77' lang='grc' dir='ltr'><strong><em>παρακαλου-</em></strong></span> 
     </span>
     <span class='ocr_line' id='line_1_33' title="bbox 280 4229 1400 4318; baseline -0.002 -24"><span class='ocrx_word' id='word_1_267' title='bbox 280 4255 403 4311; x_wconf 85' lang='grc' dir='ltr'><strong><em>μενος</em></strong></span> <span class='ocrx_word' id='word_1_268' title='bbox 429 4238 483 4298; x_wconf 82' lang='grc' dir='ltr'><strong>καί</strong></span> <span class='ocrx_word' id='word_1_269' title='bbox 507 4233 813 4318; x_wconf 72' lang='grc' dir='ltr'><strong><em>ἀπαράκλητος.</em></strong></span> <span class='ocrx_word' id='word_1_270' title='bbox 861 4230 969 4315; x_wconf 90' lang='lat' dir='ltr'><strong>Neque</strong></span> <span class='ocrx_word' id='word_1_271' title='bbox 993 4231 1081 4294; x_wconf 87' lang='lat' dir='ltr'><strong>aliter</strong></span> <span class='ocrx_word' id='word_1_272' title='bbox 1105 4229 1180 4314; x_wconf 83' lang='lat' dir='ltr'><strong>legit</strong></span> <span class='ocrx_word' id='word_1_273' title='bbox 1203 4231 1263 4294; x_wconf 90' lang='lat' dir='ltr'><strong>Dio</strong></span> <span class='ocrx_word' id='word_1_274' title='bbox 1280 4229 1400 4294; x_wconf 86' lang='lat' dir='ltr'><strong>Cassius</strong></span> 
     </span>
     <span class='ocr_line' id='line_1_34' title="bbox 282 4342 1398 4432; baseline 0.006 -26"><span class='ocrx_word' id='word_1_275' title='bbox 282 4342 334 4418; x_wconf 82' lang='grc'><strong>57,</strong></span> <span class='ocrx_word' id='word_1_276' title='bbox 353 4346 370 4406; x_wconf 84' lang='grc'><strong>7</strong></span> <span class='ocrx_word' id='word_1_277' title='bbox 391 4344 510 4429; x_wconf 70' lang='lat' dir='ltr'><strong>§adt</strong></span> <span class='ocrx_word' id='word_1_278' title='bbox 525 4344 621 4409; x_wconf 83' lang='lat' dir='ltr'><strong>Thuo.</strong></span> <span class='ocrx_word' id='word_1_279' title='bbox 637 4345 742 4412; x_wconf 83' lang='lat'>1198:</span> <span class='ocrx_word' id='word_1_280' title='bbox 760 4346 873 4414; x_wconf 91' lang='grc' dir='ltr'><strong><em>πολλοί</em></strong></span> <span class='ocrx_word' id='word_1_281' title='bbox 893 4351 953 4430; x_wconf 82' lang='grc' dir='ltr'><strong><em>νοίρ</em></strong></span> <span class='ocrx_word' id='word_1_282' title='bbox 971 4357 1035 4413; x_wconf 79' lang='grc' dir='ltr'><strong>τῶν</strong></span> <span class='ocrx_word' id='word_1_283' title='bbox 1054 4347 1240 4431; x_wconf 76' lang='grc' dir='ltr'><strong><em>αὐτονόμων</em></strong></span> <span class='ocrx_word' id='word_1_284' title='bbox 1260 4349 1398 4432; x_wconf 76' lang='grc' dir='ltr'><strong><em>Θρᾳκῶν</em></strong></span> 
     </span>
     <span class='ocr_line' id='line_1_35' title="bbox 280 4459 1397 4547; baseline 0.004 -26"><span class='ocrx_word' id='word_1_285' title='bbox 280 4459 578 4547; x_wconf 79' lang='grc' dir='ltr'><strong><em>απαράκλητοι</em></strong></span> <span class='ocrx_word' id='word_1_286' title='bbox 604 4461 652 4545; x_wconf 83' lang='grc' dir='ltr'><strong>ἐφ’</strong></span> <span class='ocrx_word' id='word_1_287' title='bbox 677 4467 827 4547; x_wconf 72' lang='grc' dir='ltr'><strong><em>ἁρπαγὴν</em></strong></span> <span class='ocrx_word' id='word_1_288' title='bbox 852 4462 1065 4546; x_wconf 64' lang='grc' dir='ltr'><strong><em>ἠκολούθουν.</em></strong></span> <span class='ocrx_word' id='word_1_289' title='bbox 1091 4460 1173 4526; x_wconf 84' lang='grc' dir='ltr'><strong><em>Ιιοοο</em></strong></span> <span class='ocrx_word' id='word_1_290' title='bbox 1197 4459 1242 4524; x_wconf 82' lang='lat' dir='ltr'><strong>VI</strong></span> <span class='ocrx_word' id='word_1_291' title='bbox 1263 4483 1289 4525; x_wconf 88' lang='lat' dir='ltr'><strong>o.</strong></span> <span class='ocrx_word' id='word_1_292' title='bbox 1307 4463 1347 4527; x_wconf 79' lang='grc'><strong>87</strong></span> <span class='ocrx_word' id='word_1_293' title='bbox 1366 4461 1397 4525; x_wconf 89' lang='lat' dir='ltr'><strong>in</strong></span> 
     </span>
     <span class='ocr_line' id='line_1_36' title="bbox 280 4572 1397 4663; baseline 0.002 -27"><span class='ocrx_word' id='word_1_294' title='bbox 280 4572 414 4639; x_wconf 82' lang='lat' dir='ltr'><strong>oratione</strong></span> <span class='ocrx_word' id='word_1_295' title='bbox 445 4574 654 4640; x_wconf 86' lang='lat' dir='ltr'><strong>Hermocratis</strong></span> <span class='ocrx_word' id='word_1_296' title='bbox 678 4581 749 4661; x_wconf 90' lang='lat' dir='ltr'><strong>post</strong></span> <span class='ocrx_word' id='word_1_297' title='bbox 771 4575 862 4640; x_wconf 87' lang='lat' dir='ltr'><strong>verba</strong></span> <span class='ocrx_word' id='word_1_298' title='bbox 886 4578 941 4644; x_wconf 86' lang='grc' dir='ltr'><strong>οόκ</strong></span> <span class='ocrx_word' id='word_1_299' title='bbox 966 4578 1102 4663; x_wconf 87' lang='grc' dir='ltr'><strong><em>ἄκλητοι</em></strong></span> <span class='ocrx_word' id='word_1_300' title='bbox 1125 4596 1202 4660; x_wconf 84' lang='lat' dir='ltr'><strong>quae</strong></span> <span class='ocrx_word' id='word_1_301' title='bbox 1226 4575 1397 4640; x_wconf 82' lang='lat' dir='ltr'><strong>inferuntur</strong></span> 
     </span>
    </p>
   </div>
   <div class='ocr_carea' id='block_1_4' title="bbox 0 0 1598 5232">
    <p class='ocr_par' dir='ltr' id='par_1_8' title="bbox 0 0 1598 5232">
     <span class='ocr_line' id='line_1_37' title="bbox 0 0 1598 5232; baseline 0 4"><span class='ocrx_word' id='word_1_302' title='bbox 0 0 1598 5232; x_wconf 95' lang='lat' dir='ltr'><strong> </strong></span> 
     </span>
    </p>
   </div>
  </div>
 </body>
</html>
