3190 5232
745 493 788 559 13

202 687 528 772 στρατοπεδεύεσθαι,
554 683 572 748 i.
590 706 615 748 e.
640 689 751 748 cestra
770 702 907 769 ponere,
933 681 1025 745 simul
1048 680 1218 764 siguificare
1240 701 1328 765 posse

202 797 382 863 incastris
408 817 485 862 esse.
609 795 612 801 ’

247 911 354 997 lCap.
380 915 423 979 63
446 915 460 995 ᾗ
485 914 516 976 1.
541 917 681 998 ἠπόρησε
704 916 763 996 μὲν
787 912 962 995 ὁποτέρωσε
990 911 1247 976 διανινδυνεύσει
1272 937 1328 996 χω·

201 1037 297 1113 ρησας
332 1028 364 1113 [η’
397 1033 449 1093 ἐπὶ
480 1037 535 1110 τῆς
560 1027 725 1093 Ὀλύνθου
751 1034 771 1110 η’
800 1032 831 1103 ἐς
858 1031 918 1106 τὴν
946 1027 1161 1110 Ποτίδαιαν].
1209 1023 1327 1088 Inutile

201 1141 460 1219 additamentum,
484 1141 516 1204 in
542 1160 604 1224 quo
628 1139 742 1224 duplex
766 1149 786 1224 η’
810 1137 912 1224 prodit
935 1139 1099 1203 falsarium.
1114 1147 1134 1216 †
1152 1177 1193 1188 -
1216 1137 1325 1204 Eidem

200 1255 330 1320 fortasse
364 1254 493 1319 debetur
529 1253 708 1318 vocabulum
741 1259 855 1342 χωρίον
886 1253 918 1317 in
951 1254 1060 1319 ricinis
1092 1253 1190 1318 verbis
1221 1253 1322 1318 hisce:

200 1376 422 1455 ξυναγαγόντι
449 1374 523 1448 τούς
548 1369 622 1454 μεθ’
651 1375 768 1437 ἑαυτοῦ
791 1375 834 1445 ὡς
863 1374 894 1445 ἐς
923 1369 1091 1457 ἐλάχιστον
1118 1369 1277 1457 [χωρίον].

245 1484 316 1570 Cap.
352 1488 395 1551 64
434 1484 503 1548 init.
543 1490 579 1550 τὸ
612 1483 641 1550 δ’
674 1489 708 1549 ἐκ
742 1495 797 1551 τοῦ
833 1489 948 1568 ἰσθμοῦ
991 1482 1123 1571 [τεῖχος]
1160 1487 1257 1560 εὐθύς
1294 1488 1326 1550 οἱ

202 1604 387 1688 Ἀθηναῖοι
421 1603 687 1700 ἀποτειχίσαντες
724 1604 899 1684 ἐφρούρουν
931 1603 963 1660 et
992 1597 1025 1661 in
1058 1604 1193 1662 extremo
1227 1597 1326 1683 capite

198 1719 379 1802 ἀπετείχισε
407 1720 442 1780 τὸ
470 1719 504 1780 ἐκ
533 1722 588 1796 τῆς
616 1712 793 1798 Παλλήνης
819 1710 967 1798 [τεῖχος].
1016 1709 1079 1790 Qui
1107 1711 1324 1795 ludimagister

198 1827 357 1912 adscripsit
383 1826 609 1892 substantivum
637 1835 741 1914 τεῖχος
774 1847 835 1888 nou
863 1825 959 1889 sensit
987 1847 1075 1909 quam
1101 1825 1227 1890 absurde
1250 1826 1323 1890 arti·

198 1943 284 2008 culus
308 1941 438 2006 addatur
461 1961 561 2021 muro,
585 1941 638 2026 qui
662 1961 761 2024 neque
791 1939 864 2004 dum
888 1947 988 2004 exstat
1016 1964 1114 2027 neque
1143 1949 1323 2008 memoratus

199 2065 247 2123 est
269 2057 302 2121 in
323 2055 538 2141 superioribus.
585 2055 681 2118 Miror
697 2053 890 2134 Olassenum,
907 2056 959 2138 qui
975 2063 1057 2120 recte
1074 2057 1223 2140 expunxit
1241 2057 1323 2142 prins

198 2182 317 2260 τεῖχος,
343 2193 476 2235 servasse
499 2169 659 2254 posterius.
694 2166 741 2232 cf.
765 2147 959 2255 praegressa:
984 2176 1020 2236 τὸ
1045 2173 1072 2237 δ’
1092 2177 1123 2247 ἐς
1147 2180 1206 2256 τὴν
1227 2175 1322 2240 Παλ-

199 2287 300 2373 λήνην
325 2289 508 2372 ἀτείχιστον
534 2283 585 2370 ἦν.
622 2283 788 2347 Incolumis
811 2283 907 2347 evasit
932 2283 1017 2349 locus
1040 2284 1094 2348 ΙΙΙ
1117 2285 1176 2352 53:
1202 2289 1325 2354 ἀπετεί·

199 2404 267 2488 χιζε
294 2405 349 2466 καὶ
375 2406 410 2466 τὸ
434 2405 468 2466 ἐκ
492 2413 548 2483 τῆς
572 2403 717 2486 ἠπείρου,
742 2390 762 2485 ᾖ
786 2405 870 2464 κατὰ
894 2401 1038 2486 γέφυραν
1062 2437 1105 2447 -
1128 2405 1323 2488 ἐπιβοήθειοι

198 2515 237 2600 ἦν
263 2521 330 2582 υτὲ.

244 2629 319 2714 Cap.
346 2630 386 2692 73
411 2630 428 2713 q
452 2631 470 2692 2
496 2624 597 2691 denuo
621 2626 883 2712 interstrepentem
908 2649 1038 2711 agnosco
1062 2626 1190 2691 sciolum
1206 2626 1239 2690 in
1255 2625 1321 2690 his:

199 2749 254 2810 καὶ
282 2749 323 2809 τὰ
349 2749 408 2829 μὲν
438 2752 525 2810 πάνυ
554 2744 681 2809 παλαιὰ
708 2747 740 2809 τί
768 2744 817 2808 δεῖ
846 2744 964 2825 λέγειν,
996 2733 1042 2810 ὧν
1075 2748 1170 2808 ducat
1198 2743 1322 2828 μᾶλλον

201 2858 334 2942 [λόγων]
364 2865 520 2945 μάρτυρες
543 2867 563 2942 ἦ
587 2863 680 2942 ὄψεις
707 2864 772 2924 τῶν
797 2860 1022 2942 ἀκουσομένων
1030 2884 1043 2932 ;
1077 2856 1175 2920 Semel
1205 2863 1323 2940 recepto

200 2995 216 3036 e
242 2981 328 3058 parte
357 2972 496 3036 codicum
522 2994 589 3035 cum
614 2969 729 3035 Cobcto
752 2977 845 3059 ὄψεις
868 2971 890 3034 i.
904 2994 931 3037 e.
954 2974 1122 3058 ὀφθαλμοί
1148 2973 1196 3055 (cf.
1223 2971 1323 3056 Hesy-

199 3087 318 3173 chius),
351 3085 476 3151 dubium
510 3108 570 3148 non
598 3093 659 3164 est,
691 3085 765 3170 quin
792 3089 889 3153 ducat
918 3086 948 3150 h.
966 3087 1005 3166 l.‚
1031 3096 1065 3152 ut
1088 3088 1159 3153 alibi
1186 3089 1323 3172 saepius,

199 3211 330 3288 ponatur
348 3224 402 3288 pro
420 3197 509 3277 ὦτα,·
530 3223 590 3285 quo
606 3200 764 3266 intellecto
781 3200 872 3264 simul
886 3200 1048 3284 intelleges
1064 3201 1123 3266 loci
1139 3203 1324 3266 sententiam

199 3339 341 3403 respuere
373 3315 457 3380 istud
486 3318 601 3399 λόγων,
630 3315 711 3399 quod
738 3337 754 3380 e
780 3337 920 3400 perversa
943 3315 1194 3400 interpretatione
1217 3326 1324 3382 natum

200 3437 391 3518 quantocyus
418 3429 564 3494 deleatur.
610 3429 648 3493 Iu
676 3452 740 3514 sqq.
769 3432 1047 3518 προβαλλομένοις
1070 3439 1151 3497 recte
1178 3433 1325 3518 explicuit

200 3547 331 3632 Krr'iger,
356 3545 496 3630 imperite
519 3545 732 3609 obnitentibus
756 3543 870 3610 multis.

244 3660 315 3747 Cap.
344 3661 384 3726 75
409 3663 425 3746 q
452 3664 482 3725 1.
530 3659 769 3724 Neminemdum
790 3659 1014 3744 obtemperasse
1034 3659 1155 3725 Dobreo
1174 3661 1324 3726 verissime

200 3775 339 3839 monenti
363 3777 518 3854 ξυνέσεως
542 3795 607 3837 esse
631 3773 839 3858 praecedentis
855 3772 994 3838 vocabuli
1011 3782 1141 3862 γνώμης
1158 3775 1323 3859 glossema!

199 3889 354 3955 Glisceute
379 3889 550 3974 corruptela
572 3888 666 3953 codex
688 3887 951 3953 Clarendoniauus
977 3888 1102 3954 exhibet
1117 3899 1246 3978 γνώμης
1268 3899 1323 3958 κοιλ

200 4008 371 4085 ξυνέσεως,
399 4025 475 4087 quae
498 4004 589 4069 lectio
613 4005 674 4068 iam
697 4005 793 4090 magis
817 4005 894 4069 celat
918 4004 1078 4090 originem.
1121 4005 1159 4070 In
1182 4007 1325 4071 extremis

200 4118 316 4183 verbis:
335 4129 414 4186 πᾶσι
432 4119 460 4185 δ’
471 4123 697 4203 ἀνεπίφθονον
716 4126 756 4186 τὰ
773 4121 977 4205 ξυμφέροντο
994 4132 1059 4188 των
1075 4127 1234 4204 μεγίστων
1250 4127 1323 4208 πέρι

203 4235 395 4320 [κινδύνων]
426 4229 460 4301 εὖ
488 4239 643 4301 τίθεσθαι
673 4242 816 4300 constans
843 4233 977 4297 omnium
1005 4234 1151 4299 librorum
1178 4236 1326 4322 scriptura

200 4352 273 4438 πέρι
301 4354 377 4432 (uon
406 4351 491 4435 περὶ)
525 4349 682 4413 coufirmat
714 4371 810 4412 meam
843 4349 1043 4434 suspicionem
1076 4352 1236 4419 κινδύνων
1260 4372 1325 4415 esse

200 4464 504 4548 interpretamentum
528 4463 620 4547 idque
643 4463 717 4526 satis
741 4485 922 4547 perversum.
962 4462 1169 4546 intelligenda
1185 4463 1267 4534 euim
1284 4472 1325 4532 τὰ

199 4581 335 4668 μέγιστα
362 4582 514 4665 διάφοροι.
