3166 5230
828 505 893 572 116

348 689 380 756 C.
412 691 452 756 25
481 694 643 780 προέχειν.
690 692 727 756 Iu
758 692 815 757 hoc
840 691 930 758 verbo
961 692 1090 779 aliisque
1121 693 1271 760 similibus
1301 696 1422 762 vocales

303 813 366 870 tum
391 828 479 892 saepe
507 805 678 871 coalescunt
705 807 785 893 apud
811 807 924 886 Thus,
954 813 989 870 ut
1012 806 1092 872 haud
1115 795 1243 873 absurde
1260 808 1420 895 suspiceris

303 919 416 1006 ubique
439 917 631 984 scribendum
654 943 719 986 esse
739 927 900 1011 προύχων,
925 927 1088 1011 προύχειν,
1109 931 1303 1012 προυχώρει,
1318 951 1420 1010 προν·

301 1038 500 1123 σταίρωσαν,
526 1040 730 1123 προοίταξαν,
757 1042 952 1125 προύφερον,
976 1045 1223 1126 προυμάχοντο,
1248 1065 1418 1124 προντετε·

301 1150 404 1229 liner,
436 1161 758 1238 προνπιχειροῦνται,
789 1156 1020 1239 προύπεμψαν,
1051 1157 1251 1236 προτίθεντο,
1284 1179 1420 1239 προυκε·

300 1269 440 1352 χώρηνε,
478 1264 700 1352 προοφείλων,
735 1262 846 1328 similia
880 1261 992 1342 multa,
1024 1283 1102 1345 qnae
1134 1284 1312 1327 enumerare
1341 1261 1420 1328 nihil

299 1377 420 1444 attinet.
466 1377 548 1442 Male
570 1384 674 1444 autem
699 1377 790 1463 vulgo
811 1375 942 1441 editores
965 1375 1076 1441 addere
1102 1376 1203 1441 solent
1227 1377 1417 1458 coronidem,

300 1491 325 1555 si
361 1490 484 1576 quidem
518 1514 580 1556 non
613 1491 703 1556 orasis
734 1491 808 1557 haec
834 1496 880 1556 est
906 1490 958 1555 sed
982 1491 1160 1558 contractio.
1206 1491 1319 1556 llodem
1350 1492 1416 1557 inre

298 1605 429 1686 scribas,
453 1613 489 1671 ut
513 1607 570 1673 hoc
592 1614 670 1685 utar,
695 1613 826 1694 ἐτιμαίν,
853 1607 997 1692 ductoris,
1023 1609 1191 1691 ἐμισθούν,
1216 1605 1334 1672 similia.

340 1720 374 1786 0.
399 1722 441 1787 33
459 1726 633 1810 εὐπραξία.
663 1721 890 1807 Thucydideum
906 1743 972 1786 esse
988 1725 1148 1808 εὐπραγία
1164 1720 1276 1786 diserto
1293 1728 1413 1788 constat

296 1835 400 1902 Photii
423 1837 620 1916 testimonio,
649 1837 700 1923 qui
724 1836 832 1903 habet:
857 1839 1048 1922 εὐπραξίαν·
1072 1840 1103 1902 οἱ
1125 1835 1261 1903 παλαιοί
1278 1842 1413 1922 κωμικοί

223 1995 227 2000 -
296 1954 351 2019 διὰ
372 1959 427 2018 τοῦ
444 1955 474 2030 ξ.
502 1953 704 2039 Θονκυδίδης
721 1954 755 2020 δε·
774 1954 828 2020 διὰ
846 1962 901 2020 τοῦ
919 1981 953 2036 ν,
972 1949 1025 2016 ubi
1041 1949 1108 2014 vide
1124 1948 1280 2015 Naberum
1293 1973 1322 2036 p.
1339 1951 1414 2017 233.

339 2064 372 2131 Ο.
406 2068 457 2131 34.
489 2069 684 2151 μαθέτωσαν
723 2065 819 2131 forma
851 2072 896 2130 est
931 2063 1144 2130 Macedonicae
1177 2062 1322 2148 originis,
1361 2086 1417 2150 pro

294 2189 482 2267 μαθόντων,
498 2179 600 2266 quales
619 2202 680 2246 non
696 2180 813 2266 reperio
828 2179 861 2243 in
877 2176 1128 2264 inscriptionibus
1144 2183 1214 2242 ante
1230 2176 1279 2246 Ol.
1293 2181 1357 2245 118
1377 2179 1415 2262 l),

294 2295 504 2379 rarissimoque
526 2295 676 2381 apparent*
694 2295 727 2360 in
750 2293 837 2359 libris
860 2293 1082 2379 Thucydideis,
1100 2293 1180 2359 unde
1196 2315 1246 2358 eas
1260 2294 1414 2380 expellere

294 2433 354 2476 non
383 2408 535 2475 dubitabo.
582 2409 709 2495 Legitur
739 2411 793 2476 III
821 2411 863 2476 39
897 2410 1232 2494 νοίίαοθήτωσαν
1263 2429 1317 2494 pro
1351 2436 1413 2477 νο·

294 2528 560 2604 taceturne,
588 2525 704 2591 1116?
730 2526 1030 2610 ὣφελείσθωοαν
1060 2544 1114 2609 pro
1140 2523 1410 2609 ὠφελείοθοον,

292 2642 345 2708 ΠΙ
376 2642 417 2707 92
450 2649 705 2710 ατάσθωσαν
735 2662 789 2726 pro
821 2648 1030 2719 ντάσθων,
1068 2637 1150 2703 VIII
1181 2638 1222 2704 18
1254 2642 1332 2703 extr.
1364 2637 1413 2702 bis

293 2759 479 2824 ἔστωσαν
512 2776 566 2840 pro
598 2758 728 2823 ἔστων
760 2776 784 2819 s.
816 2760 967 2830 ὄντων,
999 2775 1128 2839 quorum
1158 2752 1236 2816 illud
1267 2752 1414 2819 historico

292 2869 426 2936 reddam.
448 2907 490 2918 -
514 2867 663 2934 Videatur
686 2868 802 2934 Moeris
827 2892 856 2955 p.
883 2869 923 2936 15
947 2868 968 2935 i.
984 2892 1013 2934 v.
1035 2873 1182 2951 ἀγόντων
1205 2865 1309 2952 ibique
1330 2865 1414 2932 Pier-

292 2985 357 3050 soni
381 2984 548 3051 adnotatio.

334 3098 366 3167 O.
391 3100 433 3167 38
458 3099 538 3165 med.
563 3099 707 3168 πλίοοιν.
739 3098 832 3164 Thoe.
854 3097 1005 3190 scribendi
1020 3118 1086 3162 mos
1100 3094 1236 3182 postulat
1252 3096 1410 3165 πλείοσιν.

290 3213 387 3278 Docet
419 3213 499 3279 enim
532 3212 662 3298 diligens
691 3212 783 3278 huius
813 3211 1006 3297 comparativi
1033 3211 1067 3276 in
1094 3209 1181 3276 codd.
1206 3208 1409 3295 Thucydideis

289 3328 459 3394 observatio
490 3351 559 3394 eum
593 3349 654 3393 non
685 3325 772 3392 aliter
803 3325 948 3392 declinari
979 3325 1016 3391 ab
1050 3325 1194 3390 historico
1226 3347 1317 3410 quam
1350 3325 1408 3391 hoc

288 3444 406 3509 schema
428 3442 560 3508 indicat:

722 3531 832 3598 Num.
863 3531 970 3617 Sing.

645 3644 687 3710 N.
734 3647 858 3716 πλείων
883 3683 920 3696 -
948 3648 1063 3717 πλέον.

645 3760 684 3825 G.
730 3761 892 3841 πλείονος.

646 3873 686 3938 D.
731 3875 872 3945 πλείονι.

645 3989 681 4053 A.
730 3990 920 4058 πλείων-
942 3991 1056 4058 πλέον.

316 4151 339 4212 1)
359 4149 529 4209 Menandrum,
547 4149 611 4198 cuius
626 4150 703 4213 prima
722 4150 799 4199 sabula
817 4151 902 4221 ’θρνὴ
921 4150 989 4200 docta
1007 4156 1041 4200 est
1060 4151 1097 4202 01.
1118 4153 1166 4201 114
1184 4130 1253 4212 ssd,
1270 4154 1292 4200 io
1312 4149 1402 4201 Assos·

280 4244 393 4306 δαίμονι
411 4241 495 4290 dixisse
506 4243 735 4309 περιμαξάτωσαν
748 4243 771 4290 et
784 4243 1034 4314 περοθεωσάτωοαν
1046 4249 1120 4293 metro
1131 4247 1231 4293 constat.
1248 4241 1291 4291 Sed
1303 4242 1403 4291 labentis

278 4336 420 4386 Graecitatis
435 4335 509 4384 mults
528 4350 576 4384 esse
594 4336 655 4399 apud
674 4337 831 4386 Menandrum
849 4337 977 4388 iudiciuin
996 4339 1080 4401 vulgus
1100 4341 1181 4386 notum
1197 4340 1240 4386 cst.
1270 4333 1401 4398 Diligenter

274 4429 361 4478 formos
379 4429 521 4492 antiquiores
541 4428 668 4492 magistelli
686 4429 761 4478 solent
779 4430 894 4494 explicare
911 4430 1034 4494 adscriptis
1043 4430 1127 4479 'formis
1139 4428 1235 4478 novitiis
1246 4427 1314 4475 velut
1325 4423 1401 4475 Schol.

276 4521 305 4568 ⁸⁶
324 4519 344 4568 V
365 4523 394 4571 1⁸
411 4524 422 4583 i
439 4522 453 4574 l
472 4521 647 4588 ἀποδόντων]
668 4522 856 4582 menoeceus,
878 4522 937 4572 unde
948 4521 1108 4586 explicandum
1121 4523 1158 4571 hic
1174 4521 1222 4571 illic
1233 4521 1275 4570 hes
1292 4533 1336 4585 pro
1354 4517 1400 4567 illis

279 4612 418 4671 substitutas
439 4631 494 4670 esse.
