3166 5230
609 474 614 494 '
739 475 804 540 163

202 685 264 752 pro
289 664 411 732 totitas
430 663 520 732 omis
536 664 605 730 laec
619 663 772 749 familiae
788 664 889 732 tace?
914 664 1033 730 Deinde
1047 687 1073 732 v.
1090 665 1175 730 1206
1198 661 1330 727 conieci:

206 786 235 847 εἰ
257 778 285 846 δ’
311 775 345 847 εὖ
375 779 525 848 λέλεκται
549 783 648 865 τάμὰ
678 782 764 856 (eum
787 779 961 862 llllmslaio),
989 787 1072 849 νεῦε
1097 788 1145 865 μή
1171 787 1333 846 κτανεῖν

206 899 274 959 κτὲ.
307 913 364 977 pro
394 899 468 962 νῶι
499 901 547 978 μή
576 893 621 977 δη
652 922 696 975 με
725 901 893 982 κτάνῃς.
922 931 965 940 -
998 891 1074 982 lpt.
1100 895 1124 960 i.
1154 893 1252 961 Tatta.
1278 894 1332 961 35.

205 1003 308 1070 Huius
331 1028 375 1072 vs.
400 1028 488 1090 saepe
510 1005 622 1070 frustra
645 1006 758 1070 tentati
782 1007 904 1072 taudem
929 1029 1029 1073 veram
1049 1008 1212 1073 lectionem
1228 1029 1334 1092 reppe-

202 1119 277 1184 risse
307 1120 429 1185 videor:
454 1131 561 1189 ναοῖσι
590 1122 618 1188 δ’
646 1125 681 1188 ἐν
710 1121 810 1189 τοῖσδ’
836 1127 938 1208 ἱερέαν
963 1127 1075 1209 τέθησέ
1098 1152 1153 1209 με,
1175 1121 1180 1210 Ι
1201 1129 1332 1192 θιέειν

206 1235 272 1321 (pro
289 1239 383 1314 ὅθεν)
407 1243 590 1321 νόμοισι,
616 1246 756 1304 τοῖσιν
778 1238 891 1321 ἣδεται
915 1244 978 1305 θεοῖ
998 1235 1005 1324 Ι
1025 1239 1188 1325 ’Ἄρτεμις
1208 1244 1332 1322 ἑορτῆς.

121 1343 125 1352 ’
203 1348 253 1412 Ad
277 1356 339 1416 θεὰ
362 1349 525 1436 ’Ἀρτιμις
549 1349 587 1414 ef.
613 1350 695 1426 784,
717 1346 802 1434 qnod
825 1371 933 1416 moneo
953 1351 991 1416 ob
1013 1351 1180 1432 Weilium,
1205 1350 1257 1435 qui
1278 1372 1332 1436 pro
1358 1363 1361 1372 ·

202 1461 364 1548 ’Ἄρτεμις
391 1472 536 1547 tanquam
568 1462 742 1546 glossemati
775 1463 936 1530 substituit
970 1463 1142 1553 ηρώμεσθ’.
1189 1462 1331 1529 Ceterum

203 1575 303 1642 nescio
326 1599 364 1641 an
387 1585 541 1662 praeterea
564 1576 757 1644 scribendum
781 1577 822 1642 sit
852 1587 1069 1672 νόμοισιν,
1097 1578 1234 1658 οέσιν,
1259 1578 1333 1662 quia

203 1691 312 1775 tragici
335 1714 396 1756 uon
419 1691 479 1756 uisi
503 1699 632 1777 cogente
654 1675 752 1758 metro
774 1693 938 1758 articulum
962 1715 1016 1779 pro
1037 1692 1161 1758 relativo
1180 1714 1329 1780 usurpare

204 1802 312 1868 solent.
336 1839 381 1852 —-
402 1804 451 1870 Ib.
477 1805 540 1870 351
564 1827 608 1890 aq.
633 1808 753 1894 Ἑλένη
777 1808 807 1873 δ’
829 1809 964 1890 deterat
983 1810 1076 1894 δῶμα
1097 1808 1253 1875 Μενέλεω
1268 1817 1329 1875 πά·

204 1916 273 1995 λιν,·
298 1917 347 1982 Sic
368 1918 527 2004 quaerenti
546 1918 727 2003 Iphigeniae
743 1918 868 1984 Orestes
884 1920 1063 2005 respondet:
1089 1921 1203 2000 Ἥκιι,
1223 1934 1329 2002 κακῶς

206 2035 236 2118 y'
269 2037 453 2103 ἐλθοῦσα
481 2040 547 2104 τῶν
582 2040 667 2120 ἐμῶν
700 2063 777 2104 τινι.
825 2033 964 2100 Helenae
993 2035 1075 2123 sapa
1106 2035 1209 2120 potius
1241 2058 1331 2121 quam

204 2149 332 2217 reditas
355 2149 481 2214 dicenda
503 2149 601 2212 fuerat
623 2149 861 2232 Agamemnonis
885 2171 973 2214 causa
999 2149 1156 2216 malorum.
1205 2149 1330 2215 Dudum

206 2263 304 2342 euim,
337 2271 371 2328 ut
401 2270 482 2328 recte
514 2263 718 2343 observatum,
751 2270 824 2328 ante
852 2262 990 2330 Helenae
1017 2263 1150 2328 reditum
1173 2263 1211 2328 ab
1235 2285 1330 2329 uxore
1379 2277 1384 2287 ‘

206 2383 332 2442 necatus
355 2386 413 2443 est.
459 2377 562 2457 Quare
586 2377 654 2443 vide
677 2400 716 2444 ne
739 2385 830 2464 poeta
850 2377 987 2444 dederit:
1010 2378 1123 2459 Ἥκει,
1147 2385 1254 2458 κακῶς
1278 2380 1331 2446 λι-

206 2502 337 2562 ποῦσα
365 2499 431 2563 τῶν
459 2499 544 2580 ἐμῶν
571 2522 647 2563 τινι.
693 2491 845 2560 18889.
891 2493 930 2558 In
957 2501 1099 2577 suspecto
1124 2493 1238 2558 euticis
1264 2521 1328 2582 τη-

146 2651 149 2658 ·
206 2611 381 2692 λιέμετον
404 2608 534 2674 fortasse
564 2608 641 2673 latet
670 2607 845 2674 dochmius:
871 2610 1057 2696 τηλόθεν
1087 2611 1278 2693 έγμένον.

249 2743 480 2790 ΔιιῑετοΡΗΔΝΙε
501 2723 556 2807 Eq.
579 2724 621 2789 89
647 2723 1138 2811 κροννοχντροληραιος.
1173 2721 1330 2801 Quaenam

203 2839 266 2904 sint
289 2839 376 2906 ollae
400 2839 434 2902 iu
457 2839 515 2904 hoe
537 2835 682 2902 vocabulo
707 2843 809 2921 partes
834 2836 917 2901 haud
942 2835 1092 2920 intelligo.
1134 2833 1205 2899 Una
1230 2835 1331 2900 deleta

202 2954 288 3018 litera
318 2953 400 3037 lege:
433 2953 886 3041 κρουνοχοτοληραιος.
926 2987 971 3002 -·
1014 2948 1101 3018 Not.
1130 2954 1227 3018 1112.
1275 2950 1331 3015 So·

204 3067 280 3132 crati
311 3065 427 3131 dicenti
458 3069 570 3152 οέμέλει
601 3076 707 3152 κομιεῖ
739 3073 853 3135 τοῦτον
896 3065 1136 3150 (Philippidem)
1175 3073 1328 3150 σοφιστὴν

203 3186 310 3262 δεξιόν
351 3181 541 3267 Strepsiades
577 3180 756 3267 respondet:
797 3185 911 3270 ὠχρὸν
939 3188 999 3266 μέν
1035 3176 1093 3248 οὖν
1136 3183 1236 3261 ἔμοιγε
1274 3185 1329 3246 καὶ

202 3299 441 3382 κακοδαίμονα,
478 3295 567 3381 quale
600 3295 676 3379 quid
709 3302 783 3361 tunc
813 3296 937 3381 quidem
970 3294 1192 3382 δέκομααιέοσ,
1229 3293 1328 3358 elatus

202 3409 315 3494 gaudio
339 3409 377 3474 ob
399 3417 554 3495 receptum
577 3411 609 3474 in
634 3410 768 3476 Socratis
789 3411 981 3496 disciplinam
1004 3411 1121 3489 filium,
1146 3409 1327 3495 respondere

202 3509 264 3592 nou
288 3525 398 3612 potuit.
446 3524 492 3590 Of.
515 3549 543 3590 v.
562 3549 587 3592 c.
614 3528 701 3593 1170
723 3548 787 3612 sqq.
813 3524 1041 3614 Phidippe'dee
1061 3525 1167 3610 igitur,
1184 3546 1327 3588 converso

200 3640 240 3703 ad
261 3647 391 3724 patrem,
407 3640 565 3706 tribuerim
586 3643 697 3708 leuiter
720 3643 763 3707 sic
777 3643 933 3708 relictum:
959 3645 1063 3732 ὠχρὸν
1087 3649 1147 3726 μὲν
1171 3637 1229 3712 οὖν
1255 3646 1325 3726 ἐμὲ

203 3763 296 3838 coya
328 3764 383 3823 καὶ
415 3759 650 3843 κακοδαίμονα.
697 3756 744 3823 Cf.
777 3760 840 3825 119
865 3780 909 3842 aq.
943 3795 987 3806 -
1018 3756 1065 3822 Ib.
1099 3757 1199 3823 1138.
1246 3753 1324 3818 Cum
1444 3835 1449 3854 ς

201 3871 300 3936 ironia
329 3872 466 3956 legatur:
504 3875 703 3959 ἐδιδαξάμην
726 3875 840 3958 μέντοι
874 3898 906 3939 σε
934 3880 972 3958 νὴ
1003 3875 1076 3952 Δι’,
1101 3865 1126 3937 ὦ
1149 3869 1254 3956 μέλ’,
1285 3863 1329 3936 εὖ

86 4033 89 4040 ·
203 3991 271 4074 (pro
293 3991 402 4074 μέλε)
426 3993 530 4056 Ιτοῖσιν
557 3989 697 4067 δικαέοις
725 3987 923 4070 ἀντιλέγειν,
949 3993 976 4053 εἰ
1007 3992 1071 4054 κτὲ.
1107 4022 1152 4034 -
1175 3983 1222 4050 Ib.
1242 3984 1329 4049 1390

202 4108 301 4173 αὐτοῦ
332 4104 464 4190 ’ποίησα
488 4111 663 4171 κακκᾶν.
709 4101 843 4186 Requiro
875 4107 1048 4186 κάκκην.
1095 4099 1214 4164 Erroris
1242 4098 1330 4184 origo

201 4217 384 4304 repetendus
414 4239 431 4281 e
464 4239 507 4282 vs.
537 4219 635 4284 1384.
669 4253 713 4264 -
758 4213 848 4300 Vesp.
883 4217 971 4281 1883
1005 4215 1329 4292 γλωττοποιεῖν

204 4338 389 4418 suspectum.
426 4330 548 4396 llerrem
572 4331 898 4418 μλωττολοιηιῖν,
922 4330 974 4395 sed
994 4329 1180 4416 probabilius
1196 4335 1240 4393 est
1256 4327 1329 4412 aty-

204 4448 360 4533 mologum
385 4446 429 4513 M.
450 4469 480 4532 p.
505 4447 586 4526 235,
611 4450 654 4513 42
676 4468 714 4511 ex
732 4445 874 4511 hocloco
892 4445 1037 4532 petivisse
1055 4439 1189 4528 gloss'am
1214 4442 1329 4526 ytoc-

204 4564 403 4654 τοδεψεῖν]
429 4569 662 4654 αἰσχρουργεῖν.
710 4560 819 4626 Facilis
847 4568 929 4626 certe
959 4557 1090 4644 suspicio
1114 4561 1161 4620 est
1188 4558 1325 4642 7102er-
