3190 5232
811 475 853 543 58

275 663 344 731 dem
365 701 408 714 ·-
432 663 522 730 etiam
546 664 598 730 ubi
622 671 730 751 agatur
752 665 788 730 de
811 688 844 730 re
866 665 970 731 futura
994 702 1033 714 -
1053 665 1140 750 sequi
1156 663 1313 729 Antiatum
1333 662 1398 730 siue

275 791 332 861 ἄν,
358 803 508 868 nusquam
532 782 694 848 Futurum.

322 896 396 982 Gap.
430 899 470 962 62
500 897 517 981 b
542 899 569 962 1.
602 906 624 983 ἤ
655 901 778 965 δοκεῖτε
805 906 870 966 ard.
895 897 1060 962 verissime
1082 897 1203 962 Duker:
1232 902 1290 985 οὐχ
1310 907 1397 983 ἡσυ-

279 1019 376 1101 χίαν
411 1014 535 1098 μᾶλλον
566 1022 587 1098 ἤ
609 1016 771 1099 πόλεμον
796 1019 832 1080 τὸ
861 1019 920 1098 μὲν
949 1021 1107 1080 παῦσαι
1131 1019 1173 1080 ἂν
1197 1013 1338 1095 ἑκατέρῳ
1362 1015 1396 1076 τὸ

278 1131 312 1196 δὲ
345 1130 650 1207 ξυνδιασῶοαι.
698 1127 830 1210 Vulgata
864 1126 994 1192 debetur
1017 1126 1163 1191 absurdae
1186 1125 1396 1203 coniecturae,
1493 1124 1495 1130 '

277 1264 366 1328 quam
400 1241 533 1327 amplexi
558 1248 632 1305 sunt
655 1241 786 1306 editores
810 1263 872 1308 non
896 1241 1033 1306 videntes
1056 1262 1154 1325 neque
1178 1242 1292 1306 Graece
1315 1245 1398 1304 recte

277 1356 377 1420 omitti
405 1363 474 1441 post
505 1354 629 1420 verbum
664 1358 770 1424 θοκεῒν
803 1357 937 1422 voculam
973 1361 1023 1424 ὅτι
1050 1393 1090 1404 -
1123 1357 1199 1420 male
1227 1355 1306 1420 enim
1330 1377 1399 1440 pro-

277 1475 385 1532 vocant
408 1467 445 1531 ad
469 1467 486 1532 Ι
510 1469 529 1532 3
552 1470 566 1550 §
593 1471 625 1546 1,
652 1468 713 1532 sive
736 1467 779 1531 ibi
803 1475 884 1533 recte
905 1469 1025 1554 legatur
1047 1472 1135 1537 δοκεῖ
1162 1471 1196 1537 δέ
1221 1497 1287 1555 μοι,
1313 1469 1397 1542 sive,

277 1583 358 1667 quod
393 1582 466 1646 mihi
501 1582 619 1666 placet,
652 1583 863 1668 corrigendum
899 1584 940 1648 stt
971 1586 1078 1652 δοκεῖν
1104 1587 1137 1652 da'
1162 1612 1234 1670 μοι,
1261 1589 1295 1647 ut
1319 1590 1399 1648 recte

203 1699 204 1703 ’
276 1704 323 1761 est
358 1696 439 1761 VIII
469 1700 511 1763 64
534 1735 577 1746 -
601 1719 699 1782 neque
723 1697 833 1762 formas
857 1722 930 1784 quas
955 1707 1059 1763 nostro
1083 1698 1253 1764 obtrudunt
1277 1703 1398 1766 παυσαι

278 1819 308 1876 et
334 1814 553 1891 ξυνδιασὼσαι
578 1816 643 1897 (pro
666 1813 772 1876 formis
795 1813 828 1877 in
853 1816 968 1898 acatal)
991 1836 1051 1878 uou
1080 1836 1145 1878 csse
1172 1813 1397 1900 Thucydideas.

277 1926 431 1990 Facillime
462 1933 563 1990 autem
600 1927 643 1990 sio
677 1927 847 2011 explicatur
881 1928 1067 2012 corruptela,
1102 1935 1147 2006 ut,
1184 1934 1341 2014 postquam
1364 1927 1399 1991 in

278 2047 393 2130 ήσνχίᾱ
420 2041 452 2126 (i.
477 2064 503 2108 e.
527 2046 676 2132 ἡσυχίαν)
700 2043 838 2126 neglecta
854 2051 933 2106 esset
948 2043 1078 2122 lineola,
1097 2044 1238 2129 πόλεμον
1255 2063 1397 2107 acorreo·

278 2163 343 2220 tore
373 2156 406 2220 iu
436 2158 573 2242 πόλεμος
602 2163 753 2221 mutatum
784 2164 938 2242 putemus.
984 2158 1129 2242 Pugnant
1160 2158 1240 2222 euim
1265 2157 1400 2243 probae

279 2271 490 2336 emendatione
514 2272 689 2356 sequeutia:
716 2280 771 2339 καί
792 2311 840 2352 7-
867 2280 927 2357 τὴν
952 2278 1091 2359 εἰρήνην.
1115 2271 1162 2335 Ib.
1187 2274 1201 2354 ᾗ
1226 2273 1399 2357 3τιμιορία

208 2472 213 2481 ¹
279 2423 323 2433 -
346 2387 464 2454 εὔελπι.
491 2387 551 2451 Dio
575 2385 610 2450 Ο.
634 2386 740 2452 XLIV
764 2391 804 2453 λλ
830 2391 844 2472 d
869 2392 906 2465 2,
931 2386 982 2452 ubi
1007 2388 1035 2453 h.
1054 2387 1074 2452 l.
1091 2387 1247 2468 Imitatur,
1267 2387 1300 2451 iu
1317 2395 1399 2450 utro·

280 2522 339 2585 que
374 2501 509 2566 membro
544 2502 636 2567 habet
671 2506 774 2583 διότι,
810 2511 844 2568 ut
881 2503 1010 2567 fortasse
1047 2503 1123 2588 legit
1162 2502 1244 2588 apud
1281 2502 1401 2589 Thucy-

280 2614 390 2681 didem.

324 2729 396 2815 Cap.
422 2733 464 2797 63
486 2731 555 2796 init.
579 2731 735 2798 Fortasse:
762 2741 816 2800 καί
842 2734 1075 2811 τούλλιπὲς
1101 2733 1168 2817 (pro
1194 2738 1230 2800 τὸ
1260 2734 1399 2816 ἐλλιπὲς)

280 2855 334 2927 τῆς
360 2851 502 2933 γνώμης,
528 2842 573 2916 ὧν
600 2850 776 2915 ἕκαστοι
802 2849 834 2930 (i.
850 2825 887 2913 e.
910 2848 1061 2936 stupratae
1089 2847 1247 2926 οιύίίυίοε,
1273 2847 1312 2911 ct.
1340 2851 1400 2926 64,

279 2980 333 3042 pro
363 2961 497 3040 ἕκαστός
528 2964 572 3046 τι)
609 2968 762 3049 ᾠήθημεν
798 2957 937 3049 πράξειν
957 2971 1022 3030 κτὲ.
1047 2960 1085 3025 In
1110 2985 1174 3047 sqq.
1199 2968 1281 3026 recte
1306 2961 1401 3026 habet

279 3055 425 3153 anatra,
457 3075 526 3159 qua
548 3075 590 3140 ui
615 3076 812 3160 cognanum
838 3076 1006 3160 delegatis
1031 3075 1080 3160 (κ.
1106 3099 1132 3141 0.
1156 3078 1224 3162 aa).

323 3187 436 3272 thp.
463 3193 503 3255 63
528 3194 542 3274 §
566 3195 596 3257 2.
622 3191 735 3277 Supple
753 3200 795 3277 μὴ
819 3194 1048 3278 ἀμφοτέρωθεν
1065 3201 1125 3276 τὴν
1143 3194 1239 3260 πόλιν
1253 3197 1400 3276 φθείρειν

281 3303 378 3389 (ἐᾶν).
404 3313 424 3379 †
447 3304 485 3368 In
514 3313 648 3371 extremo
673 3307 771 3392 capite
794 3313 915 3372 tantum
937 3329 998 3371 uon
1023 3306 1185 3391 persuadet
1209 3305 1282 3370 mibi
1306 3305 1404 3370 Cobet

282 3418 463 3484 rescribens:
477 3431 516 3506 ἤν
539 3424 572 3488 δὲ
593 3427 829 3506 ἀπιστήσαντες
849 3423 965 3501 ἄλλοις
982 3428 1225 3507 ὑπακούσαιμεν,
1244 3425 1288 3489 οὐ
1308 3429 1401 3509 περί

282 3543 352 3601 τοῦ
376 3543 697 3622 τιμωρήσασθαί
721 3567 836 3613 τινα,
862 3538 947 3604 α’λλοί
974 3544 1051 3606 κᾶν
1077 3541 1316 3626 εὐτυχοῖμεν
1337 3539 1402 3622 (pro

284 3655 353 3714 καὶ
387 3657 497 3731 ἄχαν
526 3657 560 3716 εί
589 3655 803 3740 τύχοιμεν)
841 3653 927 3736 φίλοι
959 3659 1018 3736 μὲν
1046 3658 1089 3720 ἂν
1121 3662 1189 3729 τοῖς
1217 3656 1399 3739 ἐχθίστοις,

284 3763 429 3850 διάφοροι
466 3763 495 3831 d’
524 3767 571 3842 οἷς
594 3771 630 3833 οὐ
662 3776 716 3855 χρὴ
750 3769 819 3834 κατ’
841 3770 987 3853 α’νάχκην
1016 3771 1220 3851 γιγνοίμεθα.
1267 3765 1346 3829 Mihi
1369 3767 1401 3830 in

284 3886 415 3943 mentem
440 3889 583 3947 venerat:
607 3885 690 3950 οὶλλὰ
719 3890 796 3952 κᾶν
824 3890 859 3950 εἰ
882 3889 1133 3971 εὐτυχοῖμεν
1159 3888 1225 3947 κτὲ.

328 3993 402 4080 Cap,
428 4001 470 4064 64
493 4000 509 4083 b
534 4002 553 4064 2
577 4004 651 4078 τους
679 4004 714 4067 ὲν
739 4001 823 4066 τέλει
855 4005 963 4077 ὄντας,
991 3996 1191 4080 Participium
1215 3995 1316 4059 abesse
1340 4018 1403 4059 mu-

283 4111 355 4191 lim,
388 4119 423 4176 ut
447 4113 531 4178 abest
555 4114 572 4178 I
596 4117 656 4194 10,
680 4114 716 4177 II
742 4117 781 4180 10
806 4113 990 4178 ec11136.
1037 4110 1230 4195 Ubicumque
1263 4109 1402 4189 addatur,

286 4226 471 4309 magistellos
493 4229 525 4291 in
549 4229 637 4313 culpa
661 4251 725 4292 esse
749 4229 898 4314 suspicor.

329 4341 400 4425 Cap.
424 4344 465 4407 67
490 4344 552 4426 62.
577 4345 807 4431 Δημοσθένους
827 4342 896 4426 [τοῦ
918 4344 1027 4428 ἑτέρου
1045 4341 1253 4426 στρατηγοῦ]
1272 4336 1318 4402 Of.
1338 4357 1402 4421 cap.

286 4443 326 4521 66
360 4455 436 4521 med.
468 4456 543 4522 Mox
576 4458 702 4542 supple:
726 4464 805 4527 ὅθεν
831 4462 1029 4528 ἐπλίνθευον
1053 4457 1113 4538 (ἐς)
1139 4460 1179 4522 τὰ
1201 4459 1306 4542 τείχη,
1331 4451 1403 4537 quia

284 4573 475 4640 πλινθειίειν
500 4570 654 4654 significat
676 4574 840 4650 πλίνθους
859 4572 1023 4638 πλάσσειν.
1047 4578 1068 4646 †
1091 4569 1165 4633 Post
1188 4589 1294 4652 pauca,
1320 4566 1404 4631 dele·
