3166 5230
699 520 761 586 115

172 713 289 773 stanter
312 706 393 772 enim
416 713 562 793 apparent
583 706 697 772 formae
720 714 917 793 syncopatae:
943 709 1105 778 ἐδεδίεσαν
1132 710 1163 792 (1.
1188 712 1290 779 ἐδέδι-

173 824 247 908 σαν)
272 821 300 884 V
317 825 376 900 14,
394 824 522 908 δέδιμεν
540 823 591 886 lII
608 824 669 898 53,
686 823 728 888 56
745 829 776 886 et
793 825 845 902 57,
863 824 968 890 δέδιτε
984 821 1031 886 IV
1048 825 1129 900 126,
1146 826 1290 894 δεδιέναι

172 936 190 1000 Ι
215 937 278 1001 136
304 942 334 1000 et
359 935 393 999 ΙΙ
417 938 476 1015 72,
500 936 613 1012 δεδιὼς
636 935 684 1001 IV
700 939 759 1015 24,
776 938 833 1016 86,
852 934 916 998 VII
935 937 993 1014 73,
1011 936 1093 1001 VIII
1110 940 1162 1016 57,
1187 941 1292 1020 δεδιὸς

173 1049 260 1130 186,
284 1052 415 1118 δεδιότα
440 1048 522 1114 VIII
547 1049 609 1128 52,
631 1052 772 1128 δεδιότες
796 1050 848 1115 ΙΙΙ
873 1052 947 1121 101,
970 1050 1017 1115 IV
1040 1052 1100 1131 46,
1123 1049 1221 1128 738,
1238 1053 1291 1132 50,

173 1162 219 1228 vi
237 1165 288 1242 ae,
308 1161 677 1243 88,71171,711139,
697 1166 850 1234 οεειιεωι
870 1163 950 1229 vrri
963 1166 993 1244 ι,
1010 1151 1234 1244 κοινωνει
1252 1167 1292 1232 ιε

175 1277 231 1344 bis.
255 1317 294 1329 -
312 1278 398 1344 Extr.
422 1300 487 1363 cap.
512 1280 774 1366 Ἐρετριέων.
810 1279 856 1343 De
879 1278 934 1344 heo
957 1278 1167 1364 similibusque
1186 1280 1292 1345 formis

172 1391 243 1456 vide
264 1414 340 1477 quae
364 1390 530 1477 disputavit
553 1390 651 1457 Cobet
677 1391 715 1456 ad
740 1390 925 1477 Hyperidem
948 1414 979 1477 p.
995 1394 1038 1458 43
1054 1415 1120 1479 sqq.
1168 1393 1293 1478 sequior

172 1507 268 1574 forma
292 1507 333 1593 (si
357 1506 543 1573 describenti
569 1507 656 1594 fides)
684 1507 744 1572 iem
768 1513 893 1593 apparet
915 1507 948 1573 in
971 1506 1166 1590 inscriptione
1188 1509 1293 1572 Attica

173 1622 246 1688 0.1.
261 1626 324 1692 102
350 1630 470 1689 exorate
485 1645 543 1688 sec.
555 1622 726 1689 Bdckhium
740 1623 821 1688 intra
841 1623 893 1689 01.
908 1627 972 1691 100
985 1628 1016 1687 et
1030 1623 1110 1701 115,
1123 1623 1294 1688 continenti

171 1743 294 1822 pactum
317 1735 492 1802 Piraeenses
510 1737 594 1803 inter
612 1745 645 1802 et
667 1737 781 1802 theatri
797 1737 1010 1823 redemptores.
1049 1737 1097 1802 Ibi
1114 1737 1161 1802 bis
1177 1736 1292 1823 legitur

171 1854 346 1939 liupatone,
372 1852 464 1916 semel
487 1855 667 1940 Πειραέων,
692 1853 785 1917 semel
807 1857 986 1940 Πειραιέα,
1011 1874 1087 1938 quae
1116 1851 1214 1917 forme
1245 1859 1292 1918 ter

172 1973 272 2032 exstat
294 1967 328 2032 in
350 1968 440 2033 inser.
471 1970 534 2035 108
566 1969 648 2052 (post
672 1967 720 2033 01.
748 1970 843 2054 134),
869 1970 1049 2045 Ἀλαιέως,
1076 1966 1123 2032 bis
1146 1968 1177 2034 in
1200 1968 1292 2035 inscr.

176 2085 241 2148 124
258 2080 342 2170 (post
358 2081 408 2148 Ol.
433 2084 527 2165 152),
553 2090 630 2162 Διὸς
653 2087 784 2163 Πολιὼς
799 2083 831 2150 in
848 2084 938 2150 inser.
959 2086 1021 2149 141
1049 2081 1109 2167 (01.
1129 2085 1291 2170 83-90),

175 2199 275 2263 sedin
297 2199 389 2263 inscr.
414 2201 455 2265 70
484 2197 544 2282 (01.
564 2201 604 2265 81
622 2199 668 2264 vel
692 2201 750 2285 82)
774 2208 885 2268 ΔΙΟΣ
905 2200 1158 2286 nomem,
1185 2200 1218 2265 in
1234 2221 1292 2285 qna
1335 2258 1336 2262 ,

175 2312 323 2398 scripture
339 2313 407 2377 istis
422 2313 526 2377 formis
542 2336 612 2378 sane
628 2313 819 2399 aliquantum
833 2315 912 2379 foret
928 2315 1090 2401 praesidii,
1113 2314 1201 2380 modo
1217 2315 1292 2378 satis

175 2433 329 2492 constaret
350 2449 412 2491 non
440 2450 503 2492 ease
526 2427 607 2493 hunc
629 2427 825 2493 describentis
851 2451 989 2494 errorem.
1037 2430 1097 2494 Sed
1124 2436 1293 2515 suspectam

95 2565 102 2576 ·
177 2564 242 2607 eam
272 2541 374 2606 reddit
397 2541 474 2608 alius
497 2543 676 2608 manifestus
705 2543 736 2607 in
761 2567 795 2608 ee
818 2543 1018 2628 inscriptione
1041 2567 1142 2610 error:
1170 2551 1224 2612 καί
1252 2551 1292 2613 τά

177 2663 273 2726 κοινά
295 2665 360 2726 τῶν
383 2659 633 2745 Σκαμβωνιδῶν
657 2665 745 2726 ΣΟΟ
769 2666 823 2725 καὶ
847 2662 1024 2734 οίποδιίιοω,
1050 2657 1104 2723 ubi
1120 2658 1170 2722 vix
1186 2656 1293 2722 dubito

177 2791 282 2836 verum
305 2793 370 2836 esse
393 2780 513 2841 ΣΟΣΟ
543 2774 565 2837 i.
579 2795 604 2838 e.
637 2780 763 2853 σώσω,
788 2795 857 2838 nem
884 2773 965 2859 quod
988 2774 1059 2838 inde
1082 2773 1155 2839 fecit
1177 2772 1293 2839 Bdckh.

179 2895 264 2954 οωῶ
289 2909 350 2951 non
377 2893 423 2952 est
451 2888 524 2952 assis
545 2888 643 2954 unius.
688 2889 785 2954 Inscr.
808 2892 871 2955 153
898 2890 990 2955 habet
1011 2898 1204 2969 Παιανιιῐες,
1231 2892 1295 2956 186

180 3004 252 3085 (aet.
283 3003 379 3088 Imp.)
407 3003 608 3089 Ἀζηνιέως,
644 3003 708 3070 258
741 3003 829 3091 (τοο.)
852 3009 1009 3093 Πειραιέα
1029 3012 1060 3070 et
1081 3006 1127 3070 sic
1149 3006 1181 3071 in
1203 3005 1296 3070 inscr.

127 3113 131 3127 '
179 3119 246 3183 410
275 3117 381 3203 (reo),
404 3119 469 3185 478
500 3118 580 3202 (post
604 3140 621 3183 a
645 3121 708 3183 727
732 3141 761 3185 u.
779 3121 817 3202 c.)
844 3121 1009 3198 Ἀλαιέως
1035 3125 1066 3182 et
1090 3121 1295 3199 Παιανιέως,

179 3234 244 3298 765
271 3235 357 3318 (rec.)
385 3238 417 3296 et
445 3235 508 3298 766
534 3233 618 3318 (τοο.)
642 3237 819 3313 Σουνιέως,
842 3231 939 3298 730.
966 3232 1105 3300 Addend.
1135 3233 1297 3316 (sec.7.a.

179 3345 264 3433 Chr.)
289 3349 473 3426 Ἕστιαιᾶς,
500 3349 586 3413 2265
609 3348 691 3432 (ree)
718 3345 905 3435 Ἐρετριέων
929 3349 977 3414 bis
985 3399 994 3428 ,
1023 3351 1110 3416 2353
1135 3349 1196 3432 (01.
1221 3349 1298 3429 120)

180 3463 378 3545 Καρθαιέων
401 3458 500 3526 biset
523 3461 568 3526 sic
591 3461 679 3528 2354
702 3467 733 3526 et
757 3463 854 3541 2357,
880 3465 966 3530 2374
988 3462 1095 3548 (bonae
1114 3462 1223 3529 aetatis
1246 3461 1298 3527 sed

179 3581 250 3659 post
275 3573 434 3640 Euclidem
458 3597 516 3642 sec.
539 3575 588 3655 Β.)
612 3578 770 3654 Πεδιέως.

227 3687 301 3774 Cep.
326 3690 377 3755 21.
403 3697 448 3758 τοί
474 3695 643 3779 ἀρχαῖα.
685 3690 831 3756 Adhibita
851 3692 927 3756 cresi
952 3691 1120 3778 scripserim
1144 3695 1297 3782 τάρχαῖα.

181 3800 307 3867 Oraseos
333 3803 469 3888 exempla
500 3804 580 3888 apud
612 3803 707 3870 Thoe.
732 3805 805 3870 haec
828 3814 914 3870 sunt:
947 3804 1052 3875 τᾶλλα
1080 3807 1297 3891 (constanter),

182 3923 328 4002 τάναθά,
353 3920 569 4004 τάδικήματα,
595 3920 737 4006 τάληθῆ,
755 3919 979 4005 τάνδράποδα,
996 3919 1168 4001 τᾶλγιστα,
1186 3924 1299 3996 ταύτά,

182 4037 367 4120 τάργιίριον,
392 4037 608 4120 ταύτόματον,
633 4038 811 4112 τάναντία,
836 4038 941 4112 τοίκεῐ,
965 4035 1136 4114 τάκείνων,
1161 4041 1298 4120 θάτερα,

183 4150 349 4227 τοίνθάδε,
369 4154 524 4234 τοῦνομα,
544 4151 785 4236 τούπίγραμμα,
805 4149 998 4232 τοῦμπαλιν,
1018 4153 1211 4234 τοῦσχατον,
1229 4149 1301 4214 τού-

185 4268 340 4338 ναντίον,
374 4265 529 4334 τούπίσω,
562 4267 724 4340 κάκεῖνος,
749 4265 913 4342 κοίκείνον,
939 4265 1109 4341 κοίκεῖνον,
1133 4265 1298 4341 κοίκεῖνοι,

184 4381 356 4454 κοίκείνων,
382 4380 557 4456 κάκείνοις,
582 4381 750 4453 κάκεῖθεν,
775 4379 837 4444 κοίν
861 4381 976 4464 τούτῳ,
994 4380 1180 4455 κάνταῦθα,
1199 4377 1301 4455 κείνω,

186 4494 364 4576 adpetitor
386 4512 515 4575 quarum
539 4491 664 4556 cresium
688 4491 783 4556 maior
805 4513 873 4578 pars
896 4490 1069 4576 frequenter
1095 4490 1127 4556 in
1149 4489 1235 4555 libris
1259 4509 1305 4552 re-

186 4607 312 4691 peritur,
339 4605 515 4690 frequenter
537 4612 642 4671 nostro
665 4605 818 4672 reddenda
842 4611 896 4674 est.

1120 4722 1170 4798 811
