3190 5232
809 463 849 526 72

268 651 469 716 Athenienses
503 650 584 713 inter
623 655 654 712 et
677 647 948 728 Lacedaemonios,
974 649 1007 716 in
1038 672 1098 735 qua
1127 651 1164 716 de
1187 657 1385 737 utrorumque

266 765 355 831 sociis
378 764 462 830 nulla
482 766 518 827 fit
541 764 663 828 mentio.
693 801 736 813 -
764 763 814 828 lb.
844 767 922 849 §10
952 765 1147 850 Ὀλυμπίασι
1180 772 1235 833 καί
1268 777 1387 835 Πνθοῖ

269 887 323 947 καί
341 879 471 965 Ἰσθμοῖ
487 885 541 946 act
561 885 596 945 ἐν
620 881 801 961 Ἀθήναις.
833 878 908 943 Tam
928 880 1051 945 nomina
1072 881 1285 965 praecedentia
1297 905 1386 968 quam

269 994 416 1058 bonorum
438 993 574 1058 codicum
599 992 688 1056 lectio
713 999 767 1060 καί
794 991 976 1077 Ἀθηναιοι
993 994 1175 1061 documento
1198 1004 1271 1061 sunt
1290 997 1383 1062 Thur.

270 1108 425 1194 scripsisse
447 1115 500 1176 καί
530 1106 714 1195 Ἀθήνησι,
735 1107 817 1190 quod
840 1130 856 1170 e
876 1107 1080 1187 correctione,
1112 1116 1148 1173 ut
1176 1110 1321 1196 suspicor,
1334 1111 1388 1176 scd

269 1225 347 1290 male
366 1223 472 1288 addito
496 1252 513 1291 ν
539 1221 739 1307 ephelcystico
764 1219 855 1285 habet
879 1243 960 1285 unus
978 1222 1056 1287 liber
1079 1224 1224 1308 pessimae
1244 1231 1342 1290 notae.

314 1339 388 1424 Gap.
417 1341 457 1402 21
487 1340 503 1423 t
527 1340 546 1402 2
569 1336 688 1421 requiro
712 1341 861 1402 ἐπίθετο
886 1357 940 1420 pro
969 1343 1149 1406 ἐπείθετο.
1237 1343 1239 1350 ’

314 1460 335 1528 †
357 1452 430 1536 Cap.
449 1455 489 1517 22
506 1454 520 1534 §
538 1455 556 1515 2
574 1455 758 1534 νομίζοντος
777 1446 878 1535 ἥκιστ’
900 1458 943 1518 ἄν
963 1457 1049 1534 σφίσι
1065 1462 1139 1530 rode
1151 1483 1183 1521 rr
1200 1450 1386 1541 Ἀργείους,

271 1571 381 1651 ἐπειδὴ
402 1571 459 1634 οὐκ
483 1566 603 1649 ἤθελον
628 1566 834 1646 ’Apustium
855 1571 908 1630 καί
932 1570 1036 1654 Λίχον
1056 1568 1220 1636 ἐλθόντων
1241 1571 1390 1636 ἐπισπέν·

272 1688 388 1752 tectae
425 1681 630 1767 [certiorarer
665 1682 794 1764 αὐτούς]
832 1687 912 1748 ἄνευ
949 1685 1134 1768 Armatae
1165 1683 1230 1768 [od]
1265 1685 1389 1759 δεινούς

272 1796 400 1866 atvar-t*
423 1796 515 1860 Pron.
541 1799 657 1871 αὐτούς
682 1793 799 1856 omittit
822 1793 886 1858 cod.
914 1794 1021 1860 Italus.

316 1909 390 1994 Cap.
415 1913 456 1974 22
481 1910 498 1992 d
522 1911 552 1972 1.
599 1915 638 1975 Or‘
665 1910 698 1974 δὲ
724 1913 882 1995 ξοίμμαηοι
908 1915 941 1976 ἐν
967 1920 1006 1994 τῇ
1031 1912 1255 1995 Λακεδαίμονι
1280 1913 1389 1978 αὐτοὶ

273 2028 389 2112 ἔτυχον
414 2031 514 2102 ὄντες.
562 2023 695 2087 Pessime
720 2023 839 2108 Kriiger
863 2045 915 2106 pro
939 2031 1080 2108 corrupta
1104 2047 1176 2089 voce
1199 2030 1308 2095 αὐτοί
1332 2026 1391 2090 fre·

275 2147 326 2203 tus
348 2139 423 2202 locis
447 2139 564 2221 aliquot
597 2137 787 2221 interpolatis
819 2137 973 2221 rescripsit
997 2144 1128 2208 αὐτοῦ.
1177 2140 1296 2205 Collato
1325 2141 1391 2206 loco

272 2251 360 2319 vm
384 2255 400 2337 p
425 2254 463 2330 3,
487 2251 567 2316 unde
590 2257 715 2335 apparet
738 2251 796 2315 iam
825 2261 896 2316 ente
921 2253 1018 2316 socios
1042 2254 1217 2318 convenisse
1239 2254 1392 2320 Lacedae-

273 2389 391 2431 monem
417 2367 468 2449 (cf.
493 2366 521 2426 V
539 2369 579 2430 27
604 2367 621 2450 ᾧ
646 2369 663 2430 1
685 2372 716 2430 et
733 2367 806 2450 3οᾧ
825 2370 875 2451 3),
901 2389 938 2430 ex
956 2374 1288 2439 ΑΤΤΟΙΕΤΤΧΟΝ
1302 2371 1390 2434 elicui

272 2487 613 2559 ΑΤΘΙΟΕΤΤΧΟΝ,
639 2482 657 2546 i.
682 2503 704 2544 e.
737 2477 851 2560 αὖθις
879 2485 1007 2569 ἔτυχον.

318 2598 391 2681 Cap.
418 2599 459 2662 23
483 2599 499 2681 t
524 2600 553 2663 3.
601 2598 748 2682 Exporge
772 2597 877 2681 partic.
900 2603 997 2676 ὄντας
1014 2618 1168 2681 perperam
1184 2597 1391 2681 repetitum.†

274 2713 312 2777 In
337 2720 471 2777 extremo
496 2715 595 2797 capite
618 2721 797 2798 transpone:
822 2718 873 2780 ὅτι
892 2719 935 2781 ἂν
953 2715 1032 2800 δοκῇ
1047 2716 1239 2800 ἀμφοτέροις
1256 2723 1390 2800 εὔορκον

275 2826 408 2904 εἷναι.ῒ
431 2828 479 2891 Ita
503 2826 687 2912 corrigebam
711 2828 744 2890 in
760 2826 850 2891 Aual.
868 2826 944 2890 Crit.
961 2849 990 2910 p.
1016 2830 1034 2890 9
1060 2827 1203 2910 ignoraus
1227 2827 1274 2891 vel
1290 2828 1391 2913 potins

274 2943 432 3006 immemor
456 2940 606 3005 Cobetum
629 2940 744 3004 Mnem.
762 2940 807 3004 VI
824 2963 854 3024 p.
873 2942 936 3008 289
960 2940 1097 3005 adhibito
1120 2941 1186 3005 loco
1210 2941 1393 3025 Xenophon-

275 3058 315 3122 tis
339 3055 419 3120 Hell.
444 3056 491 3120 VI
515 3057 535 3121 3
558 3058 575 3140 t
599 3059 641 3121 18
665 3055 872 3140 proposuisse:
906 3063 956 3125 ὅτι
980 3064 1022 3126 ἂν
1049 3060 1127 3142 δοκῇ
1151 3062 1312 3143 ἔνορκον
1336 3063 1394 3142 ‹ip-

276 3174 421 3256 φοτέροις
447 3169 541 3239 εἶναι.
590 3168 658 3248 Qua
683 3171 720 3234 de
744 3193 775 3234 re
799 3171 972 3236 admonitus
997 3173 1034 3235 ab
1058 3173 1155 3237 amico
1172 3173 1272 3237 nescio
1294 3180 1394 3237 tamen

275 3309 313 3349 an
336 3286 410 3349 locis
434 3283 634 3368 Thucydideis
651 3284 679 3345 V
697 3287 738 3350 18
764 3293 841 3349 extr.
867 3291 897 3348 et
916 3287 957 3350 29
974 3293 1063 3362 extr,
1081 3286 1192 3370 quihus
1209 3308 1274 3350 mea
1292 3309 1395 3350 emen-

277 3400 359 3464 datio
376 3399 497 3476 nititnr,
521 3400 553 3462 in
578 3399 750 3483 Thucydide
774 3399 962 3464 emendando
986 3400 1141 3484 aliquanto
1165 3401 1232 3484 plus
1257 3399 1395 3466 tribuen-

277 3516 348 3580 dum
374 3515 415 3578 sit
439 3536 528 3598 quam
553 3514 619 3578 ioco
644 3514 878 3598 Xenophonteo.

320 3629 392 3715 Cap.
421 3633 461 3695 26
486 3636 564 3693 extr.
611 3630 647 3693 In
671 3629 916 3713 frequentissima
947 3632 1124 3695 confusione
1141 3631 1394 3718 praepositionem

279 3751 312 3825 ἐξ
343 3753 374 3810 et
404 3748 459 3811 διά
489 3766 559 3828 prae
591 3748 780 3830 ἐξηγήσομαι
813 3746 1004 3829 praetulerim
1033 3750 1238 3833 διηγήσομαι,
1265 3748 1396 3832 quiade

277 3861 450 3926 narrando
476 3861 571 3942 magis
594 3880 682 3942 quam
700 3859 737 3924 de
753 3861 948 3947 empticartdo
965 3871 1018 3926 aut
1033 3861 1283 3947 interpretando
1299 3883 1396 3926 sermo

278 3981 332 4039 est.
379 3973 425 4040 Of.
452 3975 499 4038 VI
530 3975 572 4040 54
596 3975 654 4058 §1
687 3975 730 4041 δι’
755 3983 911 4063 ἐρωτικὴν
936 3980 1127 4064 ξοντοχίαν,
1152 3983 1192 4059 ἣν
1219 3982 1270 4043 ἐπί
1295 3978 1394 4043 πλέον

279 4094 560 4177 διηγησάμενος
584 4096 755 4175 οίποφανῶ.

322 4204 393 4289 Cap.
421 4208 461 4270 27
485 4209 502 4290 p
526 4208 553 4270 3.
588 4208 758 4284 ἀποδεῖξαι
788 4207 821 4271 δὲ
845 4208 969 4289 ἄνδρας
992 4206 1122 4286 ὀλίγους
1149 4203 1279 4291 [ἀρχὴν]
1304 4205 1396 4272 αὐτο-

281 4311 449 4406 νράσορας.
479 4319 572 4400 Quod
595 4321 639 4386 ad
659 4326 853 4406 potestatem
878 4319 996 4385 attinet
1019 4319 1237 4404 interpretatur
1252 4317 1392 4400 Kriiger:

282 4443 314 4500 at
343 4435 386 4499 ita
419 4442 498 4499 certe
529 4433 719 4498 scribendum
748 4433 824 4498 foret
848 4441 906 4518 τὴν
930 4440 1042 4521 οίρηην,
1069 4433 1149 4516 quod
1172 4432 1269 4517 ipsum
1293 4439 1396 4496 tamen

282 4552 373 4618 nimis
396 4553 538 4629 otiosum,
564 4551 634 4637 quia
655 4572 689 4614 ea
707 4548 865 4614 noticiam
891 4548 1062 4612 continetur
1078 4547 1224 4625 uocabulo
1240 4549 1395 4632 αὐτοκρά-
