3190 5232
835 482 876 548 38

348 672 422 756 Cap.
448 675 511 738 100
540 672 556 756 d
584 674 619 751 1.Ι
660 674 840 758 Ἀρχέλαος
870 677 889 738 ὁ
922 674 1106 756 Περδίκκου
1137 671 1243 758 [υἱὸς]Ι
1291 671 1425 738 Additur

301 793 368 867 υἱὸς
392 787 472 872 apud
494 786 720 872 Thucydidem,
749 784 800 849 ubi
824 784 898 848 dura
920 785 999 848 foret
1022 785 1143 848 omissio
1168 786 1251 850 velut
1275 788 1292 868 δ
1317 791 1346 851 2.

346 902 418 986 Gap.
448 905 508 968 101
534 904 550 986 d
576 904 602 964 1.
627 900 751 964 l'rustra
776 899 909 964 Badham
929 899 960 962 in
977 904 1088 986 Λογίῳ
1110 905 1211 987 Ἑρμῇ
1234 901 1251 965 Ι
1273 904 1290 966 l
1313 924 1341 986 p.
1361 904 1425 967 199

304 1016 426 1100 corrigit
450 1023 489 1082 οἳ
514 1016 579 1099 (pro
608 1017 664 1098 ου)
691 1029 848 1100 παρῆσαν,
875 1023 910 1079 ut
935 1016 980 1080 vel
1004 1025 1128 1099 apparet
1150 1040 1166 1080 e
1187 1018 1292 1082 vocula
1308 1021 1342 1086 δὲ
1356 1027 1425 1102 post

305 1133 401 1219 δῶρα.
428 1129 496 1193 Ηοο
518 1129 586 1193 loco
611 1128 688 1192 nihil
708 1136 754 1191 est
775 1129 895 1208 sanius;
919 1152 1015 1214 neque
1037 1132 1116 1194 enirn
1138 1131 1262 1196 aliunde
1283 1131 1424 1217 officipe-

304 1252 385 1322 test‚
424 1243 624 1308 Athenienses
659 1242 738 1324 quod
776 1243 977 1325 promiserant
1013 1245 1066 1325 (95
1099 1246 1115 1328 δ
1150 1247 1170 1309 3
1200 1249 1288 1328 extr.)
1323 1268 1425 1311 revera

303 1359 497 1445 praestitisse.

301 1519 303 1530 .
348 1474 420 1558 Cap.
448 1476 510 1539 102
535 1473 552 1556 t
577 1475 606 1536 2.
630 1470 704 1534 Dele
731 1471 845 1554 puerile
872 1471 1115 1536 additamentum
1139 1478 1199 1541 ὑπὸ
1224 1485 1279 1542 τοῦ
1308 1475 1426 1554 ὕδατος
1463 1495 1468 1504 ·

304 1594 336 1652 et
358 1590 375 1673 t
400 1589 419 1652 3
446 1586 591 1651 vocabula
619 1595 662 1670 τῷ
690 1593 731 1670 μὴ
762 1588 1021 1665 σκεδάννυσθαι,
1055 1610 1185 1673 namque
1223 1590 1271 1653 vel
1294 1596 1427 1654 correcta

305 1703 359 1785 (τὸ
394 1711 435 1787 μὴ
473 1703 725 1785 σκεδάννυσθαι)
754 1702 831 1764 male
855 1700 1019 1765 abundant.
1058 1701 1130 1764 Non
1160 1701 1299 1785 digniora
1322 1713 1426 1770 nostro

304 1821 321 1903 t
347 1820 368 1882 4
393 1823 464 1880 sunt
491 1815 654 1880 vocabula:
678 1819 757 1903 μηδὲ
780 1827 819 1900 γῆ
843 1817 882 1901 ἦν
908 1825 976 1901 post
1002 1817 1072 1882 illa:
1090 1826 1160 1904 duc
1181 1857 1225 1866 -
1243 1829 1336 1905 μήπω
1362 1824 1424 1886 ὑπὸ

306 1933 337 2015 (l.
372 1934 435 2016 ὑφ’)
467 1933 560 2017 ἡλίου
584 1938 720 2016 ἑωρᾶτο,
755 1953 881 2014 quorum
913 1940 985 1995 sunt
1008 1932 1326 2016 interpretamentum.
1375 1933 1424 1998 Ad

306 2049 397 2112 finem
422 2045 531 2131 capitis
556 2044 593 2108 cf.
618 2043 687 2109 adn.
712 2045 749 2109 ad
774 2067 839 2129 cap.
866 2047 907 2110 70
933 2054 1010 2112 extr.

717 2465 762 2508 ru
793 2465 922 2508 orsae
953 2443 1016 2508 ΠΙ.

353 2629 429 2715 Cap.
455 2633 484 2697 5.
511 2639 563 2698 καὶ
587 2640 672 2718 μάχη
697 2634 837 2714 ἐγένετο,
864 2636 897 2698 ἐν
919 2623 939 2718 ᾗ
962 2635 1019 2699 οὐκ
1044 2633 1178 2699 ἔλασσον
1203 2635 1374 2719 ἔχοντες
1398 2639 1429 2699 οἱ

309 2748 533 2829 Μυτιληναῖοι
562 2744 631 2814 οὔτ’
654 2746 873 2831 ἐπηυλίσαντο
898 2753 959 2812 κτὲ.
1009 2744 1107 2808 Immo
1131 2753 1312 2834 σχόντες.

352 2857 426 2942 Cap.
454 2862 471 2920 6
496 2859 513 2942 δ
538 2859 567 2922 1.
593 2859 795 2944 ἑκατέρωθεν
822 2859 891 2942 [τῆς
915 2860 1060 2944 adtraat
1101 2860 1257 2926 Venabula
1281 2862 1358 2926 male
1382 2885 1427 2926 re·

306 2971 403 3055 petita
427 2995 442 3034 a
467 2971 601 3056 proxime
624 2972 815 3055 praegressis.

349 3085 421 3170 Oap.
449 3090 466 3149 7
499 3089 568 3172 dl.
604 3093 658 3152 καὶ
693 3089 968 3171 arpocrationem
1004 3092 1038 3152 αἱ
1069 3097 1140 3170 νῆες
1171 3097 1238 3156 κτὲ.
1297 3090 1428 3154 Athenis

305 3202 500 3284 Naupactum
531 3200 708 3283 navigantes
739 3201 1005 3284 περιπλέουσιν.
1053 3200 1166 3265 Nullus
1191 3211 1236 3266 est
1260 3226 1343 3267 orror
1369 3204 1429 3268 fre·

307 3313 455 3398 quantior.
481 3313 626 3377 Similiter
650 3313 782 3397 corrigas
806 3313 853 3376 IV
879 3314 953 3398 25δ
977 3315 1006 3392 5,
1034 3314 1087 3378 ubi
1106 3315 1159 3394 (ol.
1181 3317 1249 3400 tl)
1265 3317 1283 3380 l.
1303 3346 1430 3403 παρα·

308 3430 510 3506 πλεύσαντες.
535 3429 617 3492 Ιιοοο
641 3429 687 3492 IV
700 3430 742 3493 54
759 3434 852 3503 extr,
871 3439 936 3497 τῶν
954 3435 1048 3513 περὶ
1066 3432 1248 3507 θαλασσαν,
1268 3431 1288 3494 l.
1306 3441 1425 3517 παρά,

307 3548 342 3605 ut
365 3540 477 3623 legitur
500 3541 517 3604 I
539 3545 557 3607 8
583 3549 613 3608 οἱ
635 3551 743 3628 παρὰ
768 3543 938 3610 θάλασσαν
959 3549 1145 3629 ἄνθρωποι,
1175 3545 1224 3609 ubi
1243 3553 1313 3632 περὶ
1332 3547 1428 3610 estin

306 3653 485 3738 quibusdam
514 3653 609 3719 libris.

348 3767 455 3854 lOap.
483 3774 523 3836 10
547 3773 563 3855 d
588 3775 620 3837 1.
643 3779 670 3837 εἰ
690 3779 731 3856 μὴ
755 3770 822 3855 μετ’
843 3775 955 3857 ἀρετῆς
980 3774 1187 3858 δοκούσης
1214 3777 1244 3849 ἐς
1268 3774 1429 3857 ἀλλήλους

306 3887 473 3964 γίγνοιντο
502 3885 608 3968 (φιλία
634 3891 687 3950 καὶ
713 3885 889 3970 κοινωνία).
925 3885 1060 3950 Verbum
1084 3889 1192 3954 δοκεῖν
1219 3889 1305 3970 iungi
1324 3889 1428 3974 nequit

211 4039 213 4045 ι
307 4019 373 4061 cum
399 4005 429 4074 ἐς
458 4000 627 4084 ἀλλήλους.
654 3999 786 4083 Requiro
815 4001 1033 4083 δοκήσεως.
1059 3999 1105 4064 Cf.
1133 4001 1167 4064 II
1196 4002 1236 4067 35
1258 4001 1355 4079 med,
1384 4001 1431 4065 IV

309 4113 349 4175 18
374 4119 453 4188 ext,
486 4114 526 4176 87
551 4114 568 4196 p
593 4116 628 4190 1,
664 4116 726 4178 126
752 4117 765 4195 §
790 4118 825 4188 4,
852 4113 914 4177 VII
939 4119 979 4180 67
1004 4117 1020 4199 p
1046 4118 1074 4179 1.
1122 4115 1252 4180 Sensus:
1276 4118 1432 4183 atricum

305 4231 422 4289 υνυλυο
454 4226 589 4291 uirtutis
620 4228 773 4314 opinione
796 4229 889 4305 doct.
939 4229 1017 4293 Vide
1041 4229 1111 4294 adu.
1135 4229 1172 4293 ad
1195 4230 1224 4293 V
1247 4236 1288 4296 16
1313 4234 1329 4316 ξ
1354 4236 1382 4298 6.
1411 4236 1432 4304 †

305 4336 353 4399 Ad
384 4359 448 4422 sqq.
481 4341 710 4409 ἀπολιπόντων
740 4349 777 4409 ἐκ·
809 4343 847 4408 ol.
872 4342 899 4404 V
928 4345 1188 4423 4οέπολιπόυτες
1214 4351 1247 4412 ἐκ
1273 4357 1339 4414 τῶν
1363 4357 1431 4414 Συ·

306 4461 476 4538 ρακουσών
502 4460 533 4517 et
556 4455 615 4518 Dio
639 4454 721 4520 Cass.
749 4456 906 4521 XXXVII
929 4460 972 4523 40
996 4467 1071 4520 extr.

354 4566 464 4656 †Cap.
488 4573 537 4634 12.
565 4574 798 4659 ὑπεδοχόμεδα.
839 4571 969 4654 Egregie
993 4569 1093 4634 Haase
1108 4576 1331 4660 ὑπηρχόμεθα,
1346 4573 1429 4658 quod
