3166 5230
786 404 850 516 isc

304 639 380 727 (lap.
407 643 449 709 86
473 643 489 728 ἡ
513 645 530 706 1
555 641 824 731 πρεσβευταί.
862 634 985 722 Optime
1000 637 1131 702 Thomas
1148 638 1250 723 Mag.:
1275 647 1378 726 ἁμαρ·

262 767 352 824 τάνιι
374 760 391 822 ὁ
416 756 518 836 λέγων
552 762 603 823 ἐπὶ
627 755 855 842 πληθυντικοῦ
887 757 1144 841 πρεσβευταὶ
1177 761 1232 822 καὶ
1263 781 1378 842 πριο-

263 877 424 959 creata.
452 873 593 947 οὐδεὶς
616 875 690 954 γὰρ
718 875 796 935 τῶν
817 859 1005 954 δοκίμων
1029 867 1119 936 εἷπε
1143 879 1275 939 τοῦτο.
1321 869 1378 958 Di-

263 991 343 1050 serto
379 985 574 1063 testimonio,
611 983 691 1069 quod
727 983 881 1049 stabilitur
912 983 1030 1069 ingenti
1061 984 1195 1049 locomm
1231 1007 1377 1065 numero,

263 1100 386 1164 tandem
410 1100 479 1185 plus
502 1098 670 1164 tribuamus
701 1120 791 1184 quam
815 1098 1001 1182 paucissimis
1024 1099 1116 1178 locis,
1151 1098 1204 1163 ubi
1235 1099 1377 1164 vitiosam

263 1237 349 1278 suam
377 1213 522 1299 loquendi
553 1213 803 1279 consuetudinem
836 1213 869 1277 in
899 1221 1035 1278 veterum
1065 1214 1187 1310 scriptu¹
1205 1213 1380 1279 intulerunt

264 1329 415 1394 Graeculi.

309 1442 382 1528 Cap.
410 1445 472 1509 101
496 1441 564 1509 init.
589 1446 839 1528 ἐπισιτισάμενοι
862 1445 984 1512 doctr
1009 1447 1199 1531 ἡμέραις.
1223 1442 1275 1508 Sic
1289 1443 1380 1509 hodie

135 1614 140 1620 .
266 1558 367 1623 editur
388 1581 425 1622 ex
449 1557 659 1624 emendatione
685 1556 830 1625 Lobeckii
855 1579 910 1643 pro
930 1557 1066 1622 codicum
1090 1556 1227 1622 omnium
1250 1559 1380 1623 lectione

267 1675 389 1741 δνσὶν
413 1675 600 1758 ἡμέραις.
646 1672 756 1737 Peccat
786 1678 888 1736 tamen
919 1693 953 1735 en
982 1670 1152 1736 emendatio
1180 1679 1286 1736 contra
1310 1694 1383 1737 con·

265 1791 397 1851 stantem
427 1809 514 1851 usum
548 1787 783 1875 Thucydideum.
830 1786 991 1871 Nusquam
1020 1787 1101 1851 enim
1133 1785 1259 1850 formam
1287 1790 1382 1857 δοοῒν

266 1901 427 1986 coniungit
443 1924 510 1966 cum
531 1923 655 1966 numero
675 1901 790 1967 Plurali
808 1900 859 1965 sed
876 1907 1048 1966 constanter
1064 1923 1132 1966 cum
1155 1901 1259 1980 Duali,
1277 1908 1383 1965 contra

267 2014 319 2080 ubi
343 2019 400 2083 delo
422 2015 525 2099 iungit
553 2038 620 2080 cum
650 2016 796 2094 Plurali,¹
812 2037 962 2100 nusquam
986 2037 1053 2080 eam
1080 2016 1206 2080 formam
1237 2015 1383 2084 declinat.

268 2126 379 2193 Scribit
401 2129 498 2212 igitur
524 2134 576 2192 aut
606 2131 654 2196 δὴ
662 2157 678 2196 ο
713 2132 890 2215 ἡμέραις
916 2134 987 2207 aut,
1012 2129 1094 2212 quod
1118 2130 1147 2194 h.
1169 2131 1190 2196 l.
1214 2131 1383 2215 genuinum

267 2249 360 2328 puto,
393 2246 516 2313 δαοῖν
548 2246 740 2330 ἡμέραιν.
788 2242 904 2307 Vides
931 2243 1070 2328 plurimis
1095 2245 1242 2329 exemplis
1273 2246 1291 2309 I
1317 2250 1384 2314 104

268 2359 383 2442 Met
405 2358 499 2424 H62
531 2362 587 2426 delo
608 2365 725 2445 μερῶν,
754 2358 808 2422 ΠΙ
833 2359 873 2425 15
906 2369 972 2435 τοῖς
996 2361 1052 2426 δύο
1074 2361 1219 2445 μέρισιν,
1251 2361 1304 2424 scd
1337 2360 1385 2425 IV

269 2475 289 2540 8
319 2475 336 2559 d
359 2478 380 2538 4
404 2477 495 2542 δοοῖν
520 2484 620 2548 νεοῖν,
646 2472 689 2539 ib.
714 2476 757 2540 64
786 2480 864 2540 extr.
888 2475 981 2542 δυοῖν
1009 2476 1167 2555 dranosa.
1190 2473 1237 2538 VI
1262 2476 1305 2541 43
1328 2477 1385 2543 dv-

269 2600 383 2660 οἶν-
408 2595 687 2676 πεντηκοντόροιν.
717 2586 763 2652 IV
786 2591 829 2653 47
852 2589 907 2655 διὰ
928 2590 1020 2657 δυοῖν
1044 2591 1196 2674 σιοίχοιν.
