3190 5232
759 465 777 530 9

208 663 314 726 cesset.
361 656 428 721 Jam
454 660 572 732 eutem,
599 676 692 739 quum
717 653 871 719 Diodorus
900 653 966 718 XII
992 655 1032 720 31
1062 650 1191 717 scribat:
1217 655 1247 718 οἱ
1269 654 1327 737 μὲν

209 773 266 844 οὖν
291 777 467 857 Κορίνθιοι
492 774 620 859 ἔχοντες
645 780 722 846 ναῦς
746 771 1044 857 ἑβδομήκοντα
1069 771 1175 844 καλῶς
1200 772 1330 861 ἐξχρτυ·

208 892 309 973 μένας
328 887 531 954 ἐπέπλευσαν
557 896 623 961 τοῖς
647 886 826 970 πολεμίοις,
850 884 931 948 facili
953 884 1124 948 coniectu-re
1154 889 1259 947 nostro
1283 904 1330 943 re·

210 1003 319 1067 stituas
340 1001 418 1066 hane
437 999 612 1064 lectionem:
630 1003 852 1088 ἑβδομήκοντα
870 1007 964 1070 ναυσὶ
983 1007 1037 1066 καὶ
1061 1023 1331 1084 πεντακισχι-

211 1119 292 1191 λίοις
318 1117 379 1201 [τε]
405 1117 567 1192 ὁπλίταις.
617 1115 761 1179 Numeris
788 1117 847 1180 iarn
873 1115 1040 1200 corruptis,
1065 1143 1098 1181 τε
1124 1138 1140 1177 u
1164 1118 1329 1178 correctore

210 1232 347 1296 additum
372 1254 436 1294 esse
460 1231 527 1316 quis
551 1230 700 1294 miretur?

254 1346 324 1432 Cep.
346 1348 388 1413 30
414 1348 430 1428 d
454 1348 483 1412 3.
529 1351 583 1413 nul
616 1352 689 1428 περὶ
724 1345 789 1430 [τό]
818 1350 993 1433 Χειμέριον
1019 1356 1073 1430 τῆς
1098 1348 1330 1432 Θεσπρωτίδος.

209 1461 283 1525 Dele
305 1460 478 1532 articulum.
501 1461 554 1545 qui
574 1461 689 1525 soloeoe
705 1461 837 1526 additur.
866 1461 961 1526 Recte
984 1461 1070 1527 abest
1088 1461 1168 1525 infre
1189 1483 1251 1546 cop.
1269 1463 1330 1526 46:

209 1579 397 1659 ὁρμίζονται
423 1581 454 1652 ἐς
478 1578 655 1662 Χειμέριον
678 1588 734 1661 τῆς
759 1580 986 1663 Θεσπρώτιδος
1012 1577 1120 1662 [χῆς],
1147 1576 1236 1640 etita
1261 1599 1333 1640 con·

210 1695 335 1753 stanter.

253 1803 323 1889 Cap.
349 1806 391 1869 32
416 1806 432 1889 d
457 1808 487 1869 2.
535 1810 686 1892 τετύχηκε
715 1806 749 1872 δι’
772 1809 892 1874 ταύτὸν
920 1790 1053 1886 (restitui
1082 1805 1179 1871 cresin
1211 1827 1266 1890 pro
1297 1810 1332 1872 τὸ

210 1921 300 2002 αὐτὸ)
325 1922 523 2004 ἐπιτήδευμα
554 1927 634 2004 πρὸς
658 1947 691 1985 τε
716 1923 797 2004 ὑμᾶς
821 1925 852 1998 ἐς
877 1928 936 2004 τὴν
971 1924 1080 2009 χρείαν
1109 1931 1185 2006 ἡμῖν
1208 1922 1331 2003 ἄλογον

209 2037 282 2118 (ὄν).
313 2033 478 2119 Quicquid
502 2032 643 2097 nonnulli
666 2023 873 2112 contendunt,
898 2035 930 2100 iu
954 2035 1087 2120 pedestri
1113 2035 1334 2124 oratiouelpar-

210 2148 352 2234 tioipium
382 2155 453 2234 post
476 2160 651 2237 τυγχάνειν
684 2149 789 2212 omitti
822 2150 937 2235 nequit.
984 2150 1147 2235 Vulgatem
1171 2151 1333 2216 lectionem

211 2264 379 2329 defendunt
402 2263 469 2329 aliis
492 2264 567 2328 locis
591 2265 749 2329 manifesto
773 2264 959 2350 depravatis,
988 2266 1087 2351 qualis
1107 2271 1154 2330 est
1178 2289 1240 2352 cap.
1268 2270 1333 2334 140

210 2382 280 2466 dd,
302 2380 353 2445 ubi
375 2403 429 2465 pro
452 2387 617 2467 τυχόντων
641 2380 766 2444 alterurn
788 2379 951 2445 lectionem
976 2389 1118 2472 τυχόντα
1142 2388 1223 2447 recte
1248 2403 1334 2465 prae-

210 2496 284 2590 tulit
312 2495 408 2560 Cobet
431 2495 469 2559 ed
491 2493 678 2580 Hyperidem
703 2518 730 2580 p.
755 2497 808 2562 46.
856 2495 999 2580 Superest
1023 2519 1101 2560 unus
1126 2496 1210 2560 locus
1233 2495 1269 2560 ΙΙ
1292 2499 1332 2562 87

212 2613 225 2694 §
251 2613 288 2688 3,
314 2609 366 2675 ubi
389 2616 457 2696 post
479 2615 551 2678 τότε
574 2615 652 2695 part.
667 2617 760 2687 ’ὄντες
784 2632 881 2696 prono
905 2633 1004 2676 errore
1027 2611 1155 2676 interire
1178 2612 1288 2697 potuit.

256 2723 361 2812 §Cup
379 2709 424 2790 33‘
439 2729 455 2812 d
472 2728 501 2789 3.
526 2728 608 2813 μηδὲ
633 2728 725 2794 δυοῖν
753 2726 909 2813 [φθάσαι]
935 2734 1132 2812 ἁμάρτωσιν,
1151 2737 1172 2814 ἤ
1189 2734 1333 2797 κακῶσαι

211 2849 293 2928 ἡμᾶς
323 2849 343 2926 ἤ
366 2851 447 2925 σφᾶς
479 2843 595 2918 αὐτούς
627 2845 887 2928 βεβαιώσασθαι.
920 2845 1073 2928 ἡμέτερον
1107 2842 1136 2910 δ’
1168 2839 1209 2908 αὖ
1241 2846 1334 2931 ἕρχον
1405 2891 1411 2903 ·

212 2964 415 3040 προτερῆσαι.
465 2951 666 3038 Expungotur
701 2956 781 3020 varia
816 2956 905 3020 lectio
941 2957 980 3020 ud
1014 2971 1220 3045 προτερῆσαι.
1247 2957 1267 3025 †
1290 2995 1334 3006 -

212 3067 288 3132 Mox
305 3070 322 3153 d
338 3072 358 3132 4
383 3068 600 3154 suppleverim:
622 3074 697 3146 τούς
714 3077 915 3156 Κορινθίους
932 3074 1135 3157 δυναμένους
1151 3073 1227 3158 παρ’
1245 3075 1333 3159 αὐτῷ

214 3185 356 3269 (μέγα).
406 3184 453 3250 Cf.
479 3185 515 3249 Π
539 3187 580 3251 29
604 3189 621 3272 d
645 3189 663 3250 1
688 3192 719 3250 et
743 3187 791 3249 VI
815 3189 867 3252 59.
964 3218 967 3223 ·

257 3297 368 3384 lOap.
393 3301 467 3385 35ῥ
491 3304 521 3367 4.
545 3303 650 3368 πολλοὶ
676 3305 710 3369 δι’
728 3341 771 3350 -
787 3308 827 3369 τά
851 3305 1055 3388 ξυμφέροντα
1080 3305 1333 3388 α’ποδείιινυμεν,

214 3420 268 3480 καὶ
291 3417 442 3500 μέγιστον
466 3421 517 3483 ὅτι
541 3419 575 3482 οἵ
603 3445 644 3482 τε
675 3418 767 3482 αὐτοὶ
799 3416 948 3502 πολέμιοι
972 3427 1047 3503 ἡμῖν
1075 3417 1185 3502 [ἦσαν]
1208 3455 1252 3464 -
1281 3424 1335 3484 καὶ

214 3519 302 3597 οὗτοι
327 3533 383 3597 οὐκ
409 3535 570 3607 ἀσθενεῖς,
593 3529 666 3597 ἀλλ’
684 3537 790 3598 ἱκανοὶ
816 3535 889 3608 τους
908 3541 1177 3616 μεταστάντας
1195 3532 1333 3618 βλάψαι.

214 3643 364 3708 Vortunt:
390 3645 447 3710 sed
470 3644 529 3733 qui
551 3665 666 3711 υοοονο
689 3645 747 3722 iis,
777 3645 836 3732 qui
860 3666 881 3709 ο
905 3665 938 3711 σο
962 3645 1156 3730 defecerint,
1181 3645 1335 3723 uoluunt,

214 3766 311 3838 recte,
343 3759 404 3822 nisi
432 3759 513 3843 quod
537 3759 655 3823 malim:
687 3759 746 3848 qui
768 3781 846 3825 suus
873 3767 989 3846 portes
1021 3759 1230 3848 reliquerint.
1279 3759 1337 3822 Sed
1440 3815 1455 3838 ,

216 3874 284 3938 vide
307 3897 395 3959 quam
419 3896 525 3958 purum
550 3874 587 3937 ad
611 3897 672 3937 rem
695 3897 729 3937 ce
745 3873 836 3938 verbe
858 3874 1000 3938 dicantur
1024 3898 1040 3936 a
1063 3873 1246 3957 Corcyraeis,
1293 3873 1338 3937 Ut

215 3989 293 4053 eninr
319 3989 447 4053 doceant
472 3987 712 4052 Atheniensibus
737 3989 927 4072 profuturam
948 4010 1011 4051 esse
1035 4010 1120 4052 suam
1148 3988 1337 4067 societatem,

216 4111 341 4170 monent
364 4103 502 4168 videlicet
526 4102 701 4168 Corinthios
724 4127 775 4167 eos
798 4125 878 4183 esse,
911 4103 970 4192 qul
993 4103 1129 4170 uoluunt
1161 4123 1274 4169 nocere
1297 4103 1340 4168 tis

217 4219 276 4308 qui
310 4218 455 4305 clipeis·
485 4219 805 4304 mutulisportihus
837 4217 1061 4284 discesserint!
1099 4217 1217 4282 Ultima
1248 4217 1337 4282 verba

217 4337 279 4400 sive
303 4359 337 4400 ea
361 4335 509 4420 acceperis
530 4335 567 4399 de
594 4334 843 4411 Atheniensibus,
872 4334 943 4413 sive,
969 4333 1049 4418 quod
1073 4333 1124 4399 clii
1144 4332 1275 4410 faciunt,
1299 4331 1337 4394 de

218 4449 407 4536 Corcyraeis,
432 4450 494 4514 sive
511 4450 548 4514 de
571 4450 723 4535 utrisque,
747 4471 843 4534 aeque
866 4449 997 4514 absurda
1020 4455 1102 4514 sunt.
1150 4447 1250 4527 Quem
1273 4469 1336 4510 rern

218 4565 271 4652 qui
293 4564 481 4628 intellexisse
505 4565 623 4629 videtur
654 4563 775 4649 Kriiger
804 4587 909 4650 parum
940 4564 1069 4629 feliciter
1089 4563 1218 4628 coniecit
1241 4591 1336 4648 μετα·
