3166 5230
799 477 863 542 110

268 689 321 753 ger
343 674 449 733 contra
471 665 635 753 Oobetnm)
659 670 761 754 οίνορᾷ
786 667 955 754 πλήθουσή
990 670 1046 733 καί
1073 667 1109 733 οὐ
1133 666 1215 733 πολι)
1242 668 1307 734 οἰπὸ
1331 677 1386 738 τοῦ

267 783 499 869 βουλευτηρίου
523 782 611 865 [οίπε
622 783 708 849 lob
719 783 752 867 ν]
777 785 926 850 α’πέθανε
949 811 1031 868 παρ
1042 792 1214 870 αχρήμα.
1262 779 1389 847 Partic-

267 897 354 981 pium
368 898 525 965 ἀπελθὼν
549 896 628 961 male
659 898 721 961 coit
737 918 805 962 cnm
829 894 1039 980 sequentibus.
1064 895 1134 959 Sine
1158 918 1247 960 cansa
1269 896 1388 981 Kn'iger

269 1011 350 1075 delet
372 1010 494 1096 insuper
516 1010 575 1076 tria
598 1009 742 1075 vocabula
762 1010 811 1076 his
840 1010 1058 1096 praecedentia.
1083 1012 1100 1093 d
1125 1013 1154 1076 8.
1181 1013 1386 1079 Θουκυδίδου

142 1141 143 1144 ’
268 1135 323 1194 τοῦ
347 1127 549 1213 Φαρσαλίου,
568 1126 653 1212 [τοῦ]
671 1129 829 1214 προξένου
855 1136 910 1210 τής
933 1126 1068 1204 πόλεως,
1091 1132 1261 1211 παρόντος.
1303 1125 1386 1189 Arti-

270 1240 372 1306 culum
397 1262 413 1304 e
437 1241 533 1305 canda
556 1239 715 1326 superioria
738 1239 879 1304 vocabuli
902 1245 1085 1324 prognatum
1108 1239 1296 1305 crediderim.

312 1355 384 1442 (lap.
404 1358 444 1423 95
468 1358 531 1442 dd.
555 1355 601 1421 bis
624 1355 753 1421 delenda
777 1355 919 1420 videntur
941 1353 1086 1420 vocabule
1104 1360 1167 1421 τῶν
1186 1352 1383 1441 Ἐρετριέων.

313 1469 386 1556 Cep.
413 1473 454 1537 97
477 1473 494 1556 d
518 1473 547 1537 1.
572 1470 689 1557 corrige
713 1471 752 1540 oi
759 1501 818 1556 περ
842 1492 896 1555 pro
920 1460 1043 1556 οὗπερ.

313 1584 386 1669 Cap.
424 1587 477 1653 98.
539 1587 825 1672 ἐθελοντήδὸν
867 1586 1234 1674 προσπαρακαλέσαντες
1277 1587 1383 1658 τους

269 1709 486 1779 Βοιωτούς
512 1701 683 1787 significare
711 1701 846 1767 videtur:
878 1707 1081 1770 Βοιωτῶν
1110 1704 1205 1776 τούς
1238 1698 1387 1786 donio-

268 1819 423 1900 μένους
446 1819 824 1904 προσπαρακαλέσαντες.
848 1816 917 1880 Vox
940 1818 1068 1881 formata
1090 1815 1129 1881 ad
1145 1812 1315 1897 analogiam
1331 1817 1385 1878 τοῦ

268 1933 427 2020 ἡβηδόν
452 1931 485 2014 (i.
501 1953 527 1996 e.
555 1937 643 2000 ὅσοι
666 1934 801 2020 ήβῶσιν)
828 1936 859 1996 eb
882 1929 1035 1994 similium.

312 2043 385 2130 Gap.
410 2047 471 2112 101
496 2048 513 2131 d
538 2049 567 2112 1.
601 2052 636 2115 ἐν
663 2050 918 2133 ’Λρνεννοιίσαις
942 2046 1012 2130 [τῆς
1034 2044 1179 2131 ήπείρου]
1206 2048 1240 2110 ἐν
1262 2049 1307 2128 τῷ
1330 2045 1387 2109 α’ν·

269 2163 403 2248 τιπέρας
433 2170 488 2245 τῆς
511 2163 715 2249 Μυτιλήνης.
765 2160 851 2226 Haec
877 2159 1019 2226 vocabula
1042 2181 1145 2224 vereor
1167 2179 1205 2223 ne
1227 2155 1305 2221 male
1328 2154 1387 2219 huc

269 2278 401 2338 retracta
428 2274 490 2338 sint
516 2296 533 2338 e
558 2272 772 2358 sequentibus:
811 2281 865 2342 καὶ
894 2279 1083 2360 α’φικὸμενοι
1110 2284 1181 2359 τής
1207 2277 1386 2356 ἠπείρου

269 2390 300 2464 ἐς
327 2390 560 2474 Ἁρματοῦντα
584 2397 650 2456 κτὲ.

312 2500 386 2587 Cap.
413 2504 476 2569 105
500 2504 517 2588 b
541 2507 570 2568 2.
604 2506 658 2572 dccl
686 2513 744 2588 τήν
769 2513 875 2591 ἄκραν
903 2505 953 2588 [τὸ
977 2510 1086 2582 Κυνὸς
1110 2505 1218 2588 σήμα].
1264 2501 1387 2567 Nomen

267 2616 419 2702 proprium
446 2618 482 2682 de
506 2640 589 2683 more
612 2641 630 2683 ο
654 2619 833 2704 magistellis
856 2619 933 2684 male
957 2619 1135 2703 repetitum.

312 2731 385 2816 Cap.
424 2735 487 2800 108
511 2741 586 2800 extr.
620 2741 674 2802 καὶ
704 2740 781 2802 Κῶν
810 2740 955 2822 ἐτείχισε.
984 2745 1087 2802 ταῦτα
1120 2735 1154 2801 δέ
1179 2736 1304 2820 πράξας
1332 2739 1386 2800 καί

267 2855 412 2935 ἄρχοντα
439 2856 474 2917 ἐν
508 2849 561 2936 [τῇ
591 2851 664 2936 Κῷ]
698 2859 899 2932 καταστήσας
930 2887 973 2898 -
1005 2850 1231 2917 κατέπλευσεν.
1280 2846 1387 2911 Βθίοίο

269 2961 477 3028 additamento
491 2973 530 3049 τῇ
545 2972 602 3050 Κῷ
619 2969 650 3026 et
667 2961 795 3027 iunctim
811 2962 923 3049 scripto
940 2969 1179 3049 ἐγκαταστήσας
1197 2963 1241 3048 (in
1257 2963 1388 3027 vetustis

269 3075 357 3141 codd.
384 3085 415 3141 et
438 3075 688 3162 inscriptionibus
712 3077 885 3163 saepissime
909 3083 931 3146 οῖ
952 3101 1012 3142 non
1036 3086 1170 3144 mutatur
1193 3079 1226 3143 in
1253 3081 1285 3162 ᾗ)
1310 3100 1386 3142 nan·

269 3188 415 3256 eisoemur
437 3191 602 3255 orationem
625 3191 796 3277 digniorem
820 3191 974 3257 historico.
