3166 5230
793 445 834 511 88

252 631 393 718 Ἀττικὴ
417 635 599 718 ὠφελεῖται.
640 631 815 694 Structurae
840 627 999 693 difficultas
1023 624 1124 712 potuit
1147 646 1248 710 parere
1270 624 1366 689 inter·

252 748 445 835 polationem.
477 745 644 830 Aliquanto
665 751 766 809 tamen
790 743 974 829 probabilius
998 763 1159 826 reponam:
1183 747 1233 808 ότι
1255 743 1313 808 οὐκ
1331 747 1365 810 ἐν

253 863 385 951 πατρίδι
409 862 495 928 ἀλλ’
518 860 553 946 ἧς
578 867 641 926 κτὶ.
1408 841 1412 844 .

296 976 367 1062 (lap.
392 977 433 1042 69
457 977 474 1060 d
498 979 528 1039 3.
552 979 671 1062 τροπάς
695 1011 735 1019 -
754 972 901 1056 α’λλήλων
929 975 1114 1039 ἐποίουν.
1162 970 1243 1055 Lege
1266 976 1369 1038 ἐποι-

252 1103 386 1168 οῦντο,
411 1089 433 1154 i.
454 1110 480 1153 e.
503 1089 662 1170 ἀλλήλους
686 1091 832 1172 ἔτρεπον.
857 1085 935 1149 Vide
960 1107 987 1150 v.
1002 1107 1028 1150 ο.
1052 1084 1116 1148 7Ι[
1140 1087 1192 1151 54.
1219 1123 1259 1132 -
1283 1085 1368 1150 Exti.

252 1228 316 1292 cap.
340 1210 452 1274 ἔπειτα
470 1206 500 1271 δ’
518 1209 552 1270 ἐν
576 1203 724 1287 παρέργῳ
750 1207 804 1267 καί
830 1204 858 1266 εί
885 1227 915 1267 τι
942 1201 1022 1267 ἄλλο
1047 1200 1370 1286 ξυγκαταστρεψαμί·

254 1349 344 1396 νοις
372 1329 450 1407 ῥᾷον
474 1319 584 1394 αὐτοῖς
614 1321 871 1382 ὑπακούσεται.
917 1316 981 1377 Aut
1015 1319 1297 1397 ὑπακουσθήσεται
1326 1314 1369 1378 le·
1409 1407 1412 1414 .

253 1435 386 1521 gendum
409 1440 463 1498 aut
486 1436 863 1515 ξυγκαταστρεψάμενοι
886 1426 945 1516 (ita
965 1433 1011 1491 est
1030 1428 1061 1491 in
1078 1450 1140 1492 uno
1158 1427 1271 1512 oodiee)
1289 1435 1368 1516 ῥᾷον

255 1551 376 1616 αὐτοὶ
407 1551 682 1614 ὑπακούσονται
717 1543 763 1624 (ut
787 1542 862 1627 legit
886 1542 1080 1627 Scholiasta).

298 1660 416 1747 †Cap.
449 1662 530 1745 lib
562 1663 591 1725 λ.
626 1656 725 1722 Verba
761 1665 815 1726 καί
848 1664 883 1726 τὸ
923 1660 1049 1742 πλῆθος
1080 1663 1144 1726 τῶν
1181 1663 1369 1744 στρατηγῶν

184 1820 186 1826 -
255 1782 328 1841 sunt
349 1776 655 1860 interpretamentum
677 1772 814 1838 vocabuli
838 1775 1051 1862 πολυαρχίαν.
1076 1772 1097 1840 †
1120 1773 1202 1836 Ante
1227 1792 1275 1835 me
1290 1769 1372 1834 idem

255 1890 333 1957 vidit
365 1889 512 1974 Pluygers
536 1888 651 1954 Mnom.
676 1887 735 1952 XI.
760 1911 789 1973 p.
815 1889 868 1954 92⁸
907 1887 982 1951 Mox
1004 1887 1100 1951 aliena
1125 1908 1231 1951 manus
1255 1885 1374 1950 addidit

255 2009 316 2092 ἔφη
333 2002 437 2067 -verbis
461 2010 544 2070 κατὰ
560 2009 596 2070 τό
626 2008 708 2080 εἰκός
732 2013 901 2090 κρατήσειν
922 2011 1011 2081 κτλ,
1028 2002 1137 2086 quibus
1157 2001 1375 2066 continuanter

256 2116 430 2182 Accusativi
461 2138 529 2180 eum
563 2115 622 2181 qu.
656 2115 750 2180 libere
785 2115 954 2201 pendentes
977 2139 995 2180 a
1022 2115 1122 2181 verbis
1156 2119 1314 2201 ἐθάρσννί
1338 2145 1372 2185 τε

256 2237 311 2299 ιιαλ
332 2237 389 2300 οὐκ
414 2235 473 2301 εία.
519 2231 558 2296 In
582 2230 681 2316 eapite
705 2239 837 2296 extremo
860 2239 928 2316 post
952 2239 1069 2318 κόσμον
1101 2239 1253 2318 repetatur
1279 2232 1374 2318 purti-

257 2346 325 2411 oula
346 2353 403 2416 όν.

301 2457 374 2542 Gap.
409 2461 449 2522 77
470 2461 487 2544 b
511 2460 539 2523 1.
573 2463 655 2530 πολελ
679 2462 712 2527 δὲ
736 2462 859 2545 μᾶλλον
892 2470 973 2544 η’μᾶς
1005 2462 1122 2537 αὐτούς
1156 2469 1375 2546 αἰτιασόμενοι

256 2580 306 2644 ὅτι
331 2578 458 2663 ἔχοντες
490 2576 738 2663 παραδείγματα
763 2579 829 2644 τῶν
856 2581 922 2642 ἐκεῖ
944 2577 1111 2660 Ἑλλήνων
1132 2582 1174 2655 ώς
1194 2578 1377 2663 ἐδουλώθη-

257 2714 316 2758 σαν
349 2693 405 2756 otu
430 2692 609 2774 ἀμύνοντες
637 2695 744 2772 σφίσιν
769 2692 891 2768 αὐτοῖς,
921 2696 975 2756 καὶ
1005 2699 1062 2758 νῦν
1096 2691 1143 2773 ἐφ’
1165 2701 1245 2777 ἡμᾶς
1273 2693 1376 2757 ταύτά

258 2811 447 2890 παρόντα
481 2802 686 2889 (ὁρῶντες)
719 2809 900 2890 σοφίσματα
934 2811 1000 2870 κτὲ.
1046 2805 1094 2868 lta
1130 2805 1268 2891 suppleta
1302 2805 1376 2869 haee

257 2916 348 2981 verbu
364 2916 450 2980 facile
467 2915 694 2999 intelligentur:
720 2917 752 2980 ui
769 2917 889 2996 feceris,
909 2917 999 2981 verba
1015 2923 1117 2987 ταύτό
1134 2957 1178 2966 -
1195 2923 1375 3003 σοφίσματα

257 3030 359 3095 πείσειε
382 3036 463 3094 reete
491 3051 636 3114 suspensa
656 3037 745 3094 erunt
767 3053 783 3094 a
806 3051 981 3115 praegresso
1006 3023 1152 3121 ἔχοντες.
1191 3032 1266 3096 Post
1295 3061 1376 3116 παρ-

257 3152 338 3213 όντα
369 3142 448 3227 quod
479 3142 591 3207 inserui
618 3144 809 3229 participium
841 3144 930 3209 facile
966 3147 1056 3231 periit
1080 3146 1118 3211 ab
1155 3146 1302 3211 ductuum
1338 3147 1376 3209 si-

260 3255 473 3322 militudinem.
576 3257 583 3275 '

303 3371 376 3458 (lap.
391 3375 443 3436 74.
468 3372 736 3458 Ἀλκιβιάδης-
751 3380 864 3460 μηνείει
882 3384 948 3451 τοῖς
964 3379 1029 3443 τῶν
1040 3333 1252 3459 ἐνρακοσίιον
1271 3376 1376 3458 φίλοις

259 3497 325 3564 τοῖς
349 3493 384 3554 ἐν
400 3497 440 3571 τῇ
452 3496 606 3572 Μεσσήνῃ
626 3489 781 3566 ξυνειδὼς
798 3493 833 3554 τό
856 3489 986 3571 μέλλον·
1011 3491 1042 3554 οἱ
1061 3489 1094 3554 δὲ
1117 3493 1190 3564 τοτίς
1207 3488 1236 3552 τ’
1252 3490 1377 3572 ἄνδρας

259 3602 449 3689 διέφθειραν
480 3607 646 3687 πρότερον,
678 3607 731 3666 καί
759 3611 830 3668 τότε
856 3596 1080 3680 στασιάζοντες
1109 3609 1163 3668 καί
1193 3609 1226 3670 ἐν
1263 3604 1377 3680 ὅπλοις

257 3721 348 3794 ὄντες
377 3721 572 3802 ἐπεκράτουν
601 3723 642 3799 μὴ
669 3717 822 3804 δέχεσθαι
850 3721 922 3792 τούς
941 3718 1148 3802 Ἀθηναίους
1178 3717 1222 3800 [οἱ
1246 3728 1377 3784 ταῦτα

256 3829 476 3915 βουλόμενοι].
524 3830 588 3891 Aut
621 3827 729 3891 ultima
762 3826 851 3892 verba
883 3831 1087 3914 expungenda
1110 3838 1163 3895 eut
1187 3831 1377 3896 scribendum

259 3939 410 4025 suspicor:
435 3945 698 4021 στασιαζόντων
725 3980 764 3989 -—
789 3949 924 4011 ὄντων.
1035 3953 1037 3960 ’

302 4053 374 4138 Cap.
401 4057 442 4120 79
458 4058 475 4141 δ
493 4059 521 4121 1.
546 4062 615 4123 ἐπεί
637 4057 706 4125 ουδ’
731 4064 761 4124 οἱ
777 4062 930 4145 Ῥηγῒνοι
951 4061 1069 4144 [ὄντες]
1093 4060 1263 4144 Χαλκιδῆς
1284 4062 1377 4127 Χαλ-

259 4171 369 4246 κιδέας
409 4171 534 4254 [ὄντας]
562 4177 759 4251 Λεοντίνους
788 4174 938 4240 ἐθέλουσι
963 4176 1234 4255 ξυγκατοικίζειν.
1282 4171 1379 4258 Magi·

260 4282 363 4347 stellos
386 4283 538 4347 addidisse
570 4285 730 4370 partieipia
764 4283 885 4348 docebit
916 4306 943 4348 v.
968 4307 993 4348 ο.
1025 4285 1108 4349 loeus
1141 4285 1267 4352 v1157
1294 4289 1311 4368 b
1335 4290 1377 4350 2:
1483 4309 1488 4320 ·

260 4396 443 4482 Ἀθηναῖοι
461 4403 521 4480 μὲν
543 4400 634 4466 αὐτοί
653 4399 761 4474 Ἰωνες
784 4404 836 4466 ἐπί
860 4407 984 4483 Δωριάς
1008 4407 1231 4487 Συρακοσίους
1251 4409 1377 4477 ἑκόντες

260 4509 373 4595 ἦλθον.
421 4511 466 4577 Of.
490 4509 604 4576 ibidem
628 4514 678 4597 §5
705 4518 736 4575 et
759 4514 822 4597 §8.
846 4511 992 4576 Similiter
1018 4514 1064 4578 VI
1088 4518 1131 4582 80
1154 4517 1376 4604 προδιδόμεθα
