3190 5232
809 431 849 494 32

267 617 320 683 III
340 622 381 685 82
404 619 464 696 in.,
490 619 545 684 IV.
572 622 612 686 28
637 619 731 699 mcd.‚
751 618 798 682 VI
815 621 867 685 63.
893 619 968 684 Mox
988 620 1155 705 corrigam:
1173 613 1219 691 ὧν
1235 628 1294 708 μὲν
1311 626 1384 710 πέρι

270 736 335 819 (pro
368 741 438 820 περί
471 734 539 819 Kr.)
566 741 606 801 τὰ
631 742 735 802 οἰκεῖα
766 738 899 812 ἕκαστος
921 738 1081 821 ἤλγουν
1107 736 1175 821 (pro
1199 737 1302 822 ἤλγει)
1327 743 1386 823 α’μ·

268 852 416 938 βλιίτεροι
453 853 513 938 ἤδη
535 857 624 928 ὄντες
646 859 710 918 κτὲ.
738 850 794 914 Of.
820 850 903 914 VIII
928 853 980 916 82.
1011 849 1057 913 [b.
1087 852 1100 932 ᾗ
1129 853 1159 914 6.
1184 857 1279 917 όπότε
1308 860 1385 932 γοῦν

270 968 420 1032 αἴσθοιτο
446 974 513 1032 ιτὲ.
541 965 676 1050 Respicit
699 968 728 1031 h.
757 966 779 1030 l.
803 965 1013 1030 ΡΗΙοοοουυο
1036 971 1106 1051 περὶ
1129 973 1251 1032 κακιῶν
1266 986 1330 1049 cap.
1347 967 1387 1029 11

271 1077 423 1142 scribens:
444 1085 485 1158 ὡς
510 1087 563 1146 καί
589 1082 748 1167 Περικλῆς
774 1083 1047 1165 ταπεινουμένους
1071 1084 1130 1164 μὲν
1146 1082 1254 1164 ἐξῆρεν
1280 1081 1391 1167 Ἀθη·

271 1199 398 1270 ναίους,
424 1195 748 1282 μεγαλαυχουμένους
771 1197 804 1262 δὲ
831 1195 1041 1264 συνέστειλεν.
1078 1192 1127 1257 Ib.
1153 1196 1166 1275 §
1194 1195 1210 1256 8
1237 1193 1390 1278 suppleve-

270 1308 343 1372 rim:
371 1313 453 1393 ὅμως
474 1314 547 1394 τρία
571 1316 630 1394 μὲν
656 1312 741 1392 (ἔτι)
768 1313 839 1396 ἔτη
865 1315 1036 1397 οίντεῖχον,
1062 1310 1148 1372 cuius
1169 1309 1278 1372 erroris
1304 1332 1391 1374 causa

271 1423 302 1486 in
338 1423 438 1510 cprico
467 1430 522 1487 est.
554 1423 668 1488 Simili
705 1424 741 1487 de
770 1446 857 1488 causa
882 1422 1082 1488 necessarium
1105 1445 1270 1507 pronomen
1295 1428 1391 1501 αὐτὸς

272 1535 406 1620 clapsum
429 1541 476 1598 est
498 1557 535 1598 cx
554 1536 601 1599 his
627 1536 737 1600 verbis:
767 1539 792 1619 (ᾗ
816 1537 847 1620 6)
872 1543 1053 1624 ὀρεγόμενοι
1082 1552 1137 1608 τοῦ
1164 1545 1289 1624 πρῶτος
1316 1541 1391 1622 (oec-

271 1652 354 1730 τός)
378 1651 511 1729 ἕκαστος
531 1656 703 1732 γίγνεσθαι
742 1650 786 1716 Cf.
813 1651 896 1716 VIII
918 1655 959 1720 89
985 1663 1104 1731 πάντες
1125 1661 1185 1739 γὰρ
1203 1656 1388 1741 αὐθημερόν

272 1769 416 1842 ἀξιοῦσιν
441 1803 481 1810 -
507 1773 665 1852 πρῶτος
694 1772 821 1845 αὐτὸς
845 1771 1017 1848 ἕκαστος
1043 1767 1139 1848 εἶναι,
1162 1768 1208 1831 IV
1230 1771 1293 1836 108
1312 1768 1390 1832 med.

272 1880 464 1965 βουλόμενοι
497 1883 616 1947 αὐτοὶ
642 1884 816 1950 ἕκαστοι
845 1891 1004 1970 πρῶτοι
1037 1887 1229 1968 ἀποστῆναι,
1257 1882 1322 1946 VII
1348 1885 1390 1948 84

273 2003 335 2070 πᾶς
364 2022 413 2070 τις
435 2030 479 2041 -
503 1996 658 2082 διαβῆναι
679 2003 800 2076 αὐτός
824 1998 894 2081 (inc.
918 2001 1064 2084 ἕκαστος)
1089 2007 1255 2086 πρῶτος
1277 2000 1392 2086 βουλό-

272 2135 378 2190 μενος,
402 2106 466 2172 VII
491 2111 531 2174 70
555 2119 617 2186 πᾶς
639 2138 687 2188 τις
711 2149 754 2160 -
778 2115 904 2190 αὐτός
925 2115 1100 2191 ἕκαστος
1123 2117 1272 2196 ἠπείγετο
1293 2120 1392 2196 πρῶ-

273 2248 341 2300 τος
365 2228 555 2305 γίγνεσθαι,
583 2223 636 2288 HI
653 2226 694 2291 38
718 2228 825 2294 δοῦλοι
841 2235 961 2306 ὄντες
984 2235 1049 2296 τῶν
1066 2233 1116 2295 οίεί
1134 2232 1263 2294 ἀτόπων
1280 2264 1323 2274 -
1337 2233 1390 2294 καί

273 2338 412 2421 μάλιστα
435 2345 494 2422 μὲν
519 2343 647 2417 αὐτός
670 2347 771 2409 εἰπεῖν
805 2343 984 2418 ἕκαστος
1009 2343 1203 2428 βουλόμενος
1226 2341 1258 2422 (l.
1282 2342 1393 2428 βουλό·

272 2457 376 2537 μενοι)
405 2456 581 2531 δύνασθαι,
609 2463 637 2523 εἰ
653 2459 687 2523 δὲ
711 2469 762 2542 μή,
787 2461 1101 2542 ἀνταγωνιζόμενοι
1127 2465 1192 2524 κτὲ.
1224 2455 1393 2539 Interpolc-

274 2567 357 2632 tione
385 2568 501 2634 laborat
525 2572 610 2636 locus
633 2571 740 2636 similis
766 2572 849 2636 VIII
873 2573 914 2638 89
937 2577 1032 2664 cxtm
1059 2576 1234 2656 ἠγωνίζετο
1263 2567 1319 2639 σόν
1347 2572 1390 2649 είς

272 2683 407 2761 ἕκαστος
428 2690 523 2762 αὐτὸς
547 2699 671 2774 πρῶτος
702 2687 895 2774 [προστάτης
918 2697 972 2754 τοῦ
998 2688 1112 2772 δήμου]
1141 2689 1316 2769 γενέσθαι,
1339 2685 1390 2749 ubi

274 2804 327 2861 aut
349 2811 475 2886 πρῶτος
491 2800 568 2865 male
590 2803 753 2886 repetitum
771 2809 817 2866 cst
838 2824 854 2864 c
869 2801 1051 2887 praegressis
1069 2808 1132 2880 aut,
1150 2801 1232 2885 quod
1248 2801 1311 2864 fere
1332 2825 1394 2865 ma-

258 2911 328 2976 *lim
347 2915 493 2979 vocabula
515 2926 694 3004 προστάτης
721 2926 775 2986 τοῦ
801 2920 901 3003 δήμου
926 2924 996 2980 sunt
1018 2916 1103 2980 illius
1129 2916 1271 2980 adiectivi
1300 2916 1391 2979 inter-

275 3036 508 3112 pretamentum.
533 3066 573 3074 -ω
604 3031 708 3107 Unus,
735 3032 786 3116 qui
816 3055 862 3096 me
889 3054 983 3116 paene
1006 3031 1174 3118 effugerat,
1199 3052 1280 3094 error
1305 3031 1394 3095 casti-

275 3144 394 3227 gandus
410 3153 504 3210 restat
516 3146 548 3210 in
563 3149 576 3230 §
593 3150 612 3213 8
631 3158 686 3217 τοῦ
701 3157 854 3218 ναυτικοῦ
867 3161 909 3235 τό)
928 3149 1055 3216 πλείονι
1075 3147 1245 3234 [γιορίιρ],
1267 3168 1394 3231 quorum

275 3260 489 3327 vocabulorum
504 3262 644 3328 ultimum
656 3262 830 3348 interpretis
843 3284 907 3326 esse
920 3269 1080 3347 propterea
1093 3266 1317 3345 paene-certum
1331 3268 1395 3338 cst,

276 3375 355 3462 quod
371 3376 403 3441 id
420 3376 646 3443 substantivum
670 3378 781 3464 ubique
805 3377 883 3462 apud
896 3376 1103 3461 Thucydidem
1120 3383 1217 3440 servat
1230 3375 1292 3439 vim
1306 3375 1395 3439 dimi·

274 3491 410 3556 nutivum
432 3514 528 3576 neque
554 3514 686 3576 unquam
711 3492 836 3576 ponitur
859 3514 912 3574 pro
936 3496 1038 3578 μέρος.
1066 3513 1088 3556 s.
1112 3502 1210 3577 μοῖρα
1227 3497 1347 3574 practer
1363 3491 1394 3554 h.

274 3607 293 3670 l.
320 3613 350 3670 et
373 3605 437 3670 VII
461 3607 513 3686 58,
539 3607 592 3672 ubi
620 3631 713 3692 acque
738 3607 880 3672 inserviit
903 3606 1069 3692 explendae
1081 3606 1230 3671 locutioni
1243 3607 1392 3692 cllipticac

275 3728 341 3789 οίπό
373 3731 426 3788 τοῦ
466 3728 544 3809 πρός
575 3728 631 3791 τόν
665 3729 868 3810 Τυρσηνικόν
894 3731 1015 3792 πόντον
1044 3721 1196 3807 [ccciccc]
1219 3720 1266 3784 Of.
1293 3720 1310 3783 I
1335 3725 1374 3788 85
1385 3771 1393 3800 ,

278 3841 358 3914 141,
384 3837 418 3900 Π
445 3839 506 3915 39,
530 3836 576 3901 VI
601 3839 642 3902 92
670 3844 700 3902 ct
723 3836 805 3901 VIII
828 3839 880 3904 49.

320 3949 423 4036 †Cap.
453 3955 493 4018 70
516 3953 533 4036 ᾧ
558 3954 585 4016 3.
613 3954 758 4031 ἐξελθεῖν
780 3957 895 4028 αότοός
916 3958 969 4018 καί
986 3953 1105 4028 παῖδας
1126 3951 1193 4034 [καί
1219 3953 1392 4036 γυναῖκας]

276 4073 330 4133 καί
367 4073 439 4144 τούς
472 4073 659 4155 ε’πικοιίρους
691 4071 748 4146 ξόυ
781 4076 829 4136 ἑνί
863 4073 990 4154 ίματίῳ,
1024 4077 1235 4148 γυναῖκας
1271 4068 1304 4133 δὲ
1337 4072 1395 4146 ξόν

277 4183 412 4250 δυοῖνῒ
457 4182 535 4245 Fieri
562 4191 663 4246 tamen
688 4189 804 4266 ροίοεό,
830 4190 865 4247 ut
887 4182 992 4265 potius
1016 4181 1207 4245 scribendum
1232 4181 1290 4244 sit:
1315 4183 1397 4259 ἐξελ·

276 4309 351 4366 θεῖν
382 4302 497 4374 αότοός
526 4306 579 4364 καί
610 4301 737 4382 παῖδας,
755 4305 809 4365 καὶ
831 4308 990 4380 γυναῖκας
1012 4305 1065 4364 καί
1091 4302 1164 4374 τοός
1189 4304 1395 4382 ἐπικούρους,

277 4413 382 4494 (τους
410 4415 496 4497 μὲν)
525 4416 583 4491 ξόυ
609 4420 657 4480 ἑνί
684 4418 810 4500 ίματίῳλ
838 4423 997 4495 γυναῖκας
1022 4416 1056 4480 δὲ
1081 4417 1139 4491 ξόν
1165 4417 1267 4482 δυοῖν.
1292 4451 1334 4459 -
1359 4412 1396 4476 In

278 4531 413 4589 extremo
436 4526 550 4611 capite:
577 4535 631 4595 καί
662 4528 725 4612 [τό]
753 4532 900 4615 δεύτερον
928 4531 998 4605 ἔτος
1027 4530 1175 4599 ἐτελιιίτα
1200 4540 1243 4617 τῷ
1269 4530 1397 4616 πολέμῳ
