3190 5232
744 453 786 520 87

212 644 352 710 dicantur
373 666 493 710 necesse
517 651 573 710 est.
618 642 663 708 Of.
687 641 742 706 ΙΠ
774 644 834 718 28,
869 641 930 719 35,
956 642 1013 718 72,
1038 643 1120 720 102,
1146 641 1193 706 IV
1216 643 1269 722 57,
1297 638 1327 706 V

212 764 254 828 84
277 771 309 824 et
331 759 415 825 VIII
438 764 456 824 3
483 759 560 825 med.

254 874 328 960 Cap.
354 876 396 940 64
420 875 437 956 5
461 876 488 937 4.
516 876 696 957 πέμπουσιν
720 871 845 955 ἄνδρα
868 873 955 954 σφίσι
980 875 1039 956 μὲν
1063 878 1177 939 πιστόν
1197 911 1236 922 -
1256 879 1325 942 ἐπι·

210 992 347 1073 calderon·
367 988 406 1073 ἦν
433 990 467 1054 δὲ
485 997 674 1061 Καταναῖος
700 985 731 1068 [o‘
751 986 846 1072 ἀνὴρ]
874 991 928 1051 καί
950 982 1007 1053 ἀπ’
1031 989 1185 1072 ἀνδρῶν
1210 994 1245 1055 ἐκ
1269 998 1325 1074 τῆς

210 1113 364 1191 Κατάνης
391 1111 480 1188 ἣκειν
501 1105 570 1189 ἔφη.
616 1100 715 1164 Nemo
746 1098 880 1162 monitus
911 1121 972 1163 non
1002 1099 1114 1164 sentiet
1143 1123 1231 1186 quam
1263 1124 1324 1167 non

187 1217 300 1282 ¹modo
331 1216 429 1280 otiose
460 1214 512 1279 sed
546 1215 635 1279 etiam
670 1213 859 1296 ineleganter
893 1211 997 1276 addita
1032 1212 1096 1278 sint
1129 1213 1273 1281 vocabula
1306 1223 1325 1286 ό

166 1417 169 1422 ¹
209 1339 301 1418 οίνηρ.
345 1333 362 1417 5
386 1332 413 1396 5.
441 1332 529 1412 ἔλεγε
556 1367 599 1378 -
623 1334 650 1397 εἰ
674 1330 850 1416 βούλονται
876 1333 993 1395 ἐκεῖνοι
1017 1332 1178 1415 πανδημεί
1202 1369 1245 1381 -
1270 1337 1322 1400 ἐπὶ

209 1454 245 1515 τὸ
277 1455 494 1531 στράτευμα
530 1447 659 1521 ἐλθεῖν,
694 1445 785 1510 αὐτοὶ
820 1448 879 1527 μὲν
903 1444 1098 1531 οἷποκλῄσειν
1129 1451 1203 1522 rode
1236 1453 1324 1535 παρὰ
1366 1439 1367 1444 ¹

209 1567 295 1646 σφίσι
325 1598 364 1609 -
393 1564 536 1636 ἐκείνους
564 1561 597 1626 δὲ
627 1561 744 1645 ῥᾳδίως
770 1558 819 1641 [τὸ
851 1560 1044 1643 στράτευμα]
1082 1561 1324 1647 προσβαλόντας

208 1687 252 1742 τώ
276 1681 523 1764 σταυρώματι
548 1679 699 1758 αἱρήσειν.
747 1671 950 1737 Athenienses
972 1674 1142 1758 ηὐλίζοντο
1165 1678 1229 1742 α’πὸ
1257 1682 1322 1746 τῶν

206 1791 315 1859 ὃπλων
341 1797 375 1858 ἐν
400 1799 439 1875 τῇ
462 1790 567 1867 πόλει,
597 1808 694 1870 neque
717 1786 814 1870 igitur
837 1786 1014 1872 Syracusani
1038 1793 1179 1872 poterant
1205 1793 1258 1856 ἐπὶ
1287 1795 1323 1858 τὸ

207 1915 423 1993 στράτευμα
447 1905 576 1981 ἐλθεῖν,
608 1908 748 1986 poterant
781 1900 880 1965 venire
912 1905 965 1969 ἐπὶ
992 1909 1027 1967 τὸ
1057 1905 1323 1988 στρατόπεδον

207 2039 232 2080 s.
257 2025 310 2086 ἐπὶ
334 2024 370 2086 τὸ
397 2023 621 2103 σταύρωμα,
646 2015 818 2101 quodcum
843 2013 897 2080 illo
920 2015 1066 2079 vocabulo
1089 2015 1177 2079 facile
1199 2016 1324 2083 confun-

207 2131 300 2198 ditur.
346 2130 464 2195 Deinde
499 2136 569 2215 post
599 2133 717 2219 ῥᾳδίως
747 2136 942 2214 expungatur
967 2137 1004 2197 τὸ
1037 2139 1227 2216 στράτευμα.
1274 2129 1322 2197 Of.

206 2246 288 2312 Plut.
307 2243 379 2310 Nic.
399 2267 462 2330 cap.
483 2244 561 2308 XVI
580 2245 665 2310 inin:
683 2253 711 2313 εῖ
733 2247 907 2334 βούλονται
931 2246 1045 2333 λαβεῖν
1062 2249 1179 2333 ἔρημον
1193 2247 1321 2342 α’νδρῶν

206 2369 242 2431 τὸ
269 2364 567 2447 στρατόπεδον.
590 2399 635 2408 -
663 2360 777 2425 Ultima
801 2360 890 2424 verbe
912 2359 968 2444 ἀφ’
992 2351 1038 2428 ὧν
1063 2363 1158 2437 αὐτὸς
1183 2368 1273 2445 ἣκειν
1297 2361 1323 2424 si

205 2477 367 2555 abessan,-
386 2499 474 2540 nemo
498 2475 692 2541 desideraret.
743 2472 820 2539 Vide
843 2497 881 2540 an
906 2474 982 2539 male
1005 2474 1066 2538 huc
1087 2473 1237 2560 adscripta
1259 2474 1322 2539 sint

207 2616 224 2656 e
247 2595 261 2676 5
283 2595 305 2656 4
327 2595 384 2660 ἀπ’
408 2593 538 2680 ἀνδρῶν
559 2629 599 2638 -—
616 2599 705 2675 ἣκειν
731 2593 801 2676 ἔφη.
827 2589 928 2654 Etiam
949 2589 1034 2675 sequi
1053 2589 1155 2673 potius
1173 2589 1323 2656 debebant

205 2706 308 2770 statim
333 2711 402 2791 post
425 2709 635 2773 Καταναίων.
733 2742 736 2749 ·

249 2816 321 2902 (lap.
347 2820 387 2884 65
413 2820 431 2901 5
455 2822 485 2883 1.
509 2816 588 2882 Vide
611 2816 680 2882 adn.
705 2817 742 2882 ad
766 2817 784 2882 Ι
808 2819 850 2884 90
873 2819 890 2903 5
914 2819 944 2883 3.

249 2932 322 3018 (lep.
347 2935 388 3000 66
414 2934 485 3015 51.
521 2929 624 3016 ἥκιστ’
653 2933 723 3017 [ἂν]
750 2935 866 3008 αὐτούς
890 2967 933 2982 -·
960 2933 1126 3016 λυπήσειν.
1177 2929 1322 2996 Voculam

204 3057 248 3118 du
273 3056 375 3112 natam
391 3070 407 3112 e
423 3046 574 3132 sequentis
590 3047 778 3131 pronominis
795 3046 894 3110 literis
916 3045 1069 3132 prioribus
1093 3045 1219 3126 delebo,
1237 3045 1322 3130 quic·

205 3161 279 3244 quid
302 3160 407 3225 dicunt
434 3160 549 3225 Herbst
572 3162 695 3246 eiusque
723 3167 895 3226 sectatores.
931 3161 1062 3225 Gravius
1085 3158 1203 3224 laborat
1234 3161 1322 3225 huius

101 3363 104 3368 .
205 3276 311 3359 capitis
333 3297 402 3360 pars
424 3275 533 3340 ultima
556 3298 644 3360 quam
668 3276 705 3339 ad
741 3276 798 3339 hoc
820 3273 990 3359 exemplum
1014 3275 1231 3341 emendandam
1256 3299 1319 3340 sus-

203 3391 303 3474 picor:
331 3397 365 3458 ἐκ
386 3396 445 3475 μὲν
470 3401 525 3474 τῆς
549 3391 668 3468 πόλεως
692 3392 796 3467 οὐδεὶς
817 3392 912 3469 ἐξιὼν
930 3391 1049 3456 ἐκώλυε
1074 3395 1117 3456 τὸ
1145 3398 1320 3476 πρῶτον,

205 3508 354 3571 ἔπειτα
379 3505 420 3570 δὲ
444 3503 715 3591 (σοάᾶπρῶτοι
741 3505 796 3589 δὲ)
821 3508 852 3572 οῖ
876 3509 1319 3594 ἱππῆς-προσεβοήθησαν,

205 3622 318 3686 ἔπειτα
343 3617 371 3684 δ’
389 3622 521 3704 ὕστερον
539 3655 582 3668 -·
597 3602 772 3707 ξυνελέγη,
798 3625 852 3686 καί
876 3621 1061 3705 προσῆλθον
1076 3625 1136 3703 μὲν
1156 3624 1248 3701 ἐγγύς
1265 3630 1320 3690 τοῦ

206 3737 367 3816 σταυρόν
376 3761 506 3818 ματος
529 3736 597 3819 (pro
621 3736 868 3819 στρατευματος)
893 3746 959 3802 τῶν
989 3733 1186 3820 Ἀθηναίων
1212 3742 1275 3801 κτὲ.

249 3845 324 3931 Cap.
349 3849 390 3913 68
415 3849 488 3931 54ι
513 3855 544 3914 οῖ
565 3856 623 3933 μὲν
646 3851 719 3935 (γὰρ
739 3851 1027 3938 παρακελεύονται)
1040 3854 1091 3917 ὅτι
1112 3855 1183 3935 περί
1207 3855 1322 3935 πατρί·

206 3963 258 4038 don
284 3963 373 4026 ἔσται
400 3965 549 4044 nayda,
574 3967 635 4045 ἐγὼ
670 3965 703 4030 δὲ
734 3968 799 4030 ὅτι
832 3967 905 4030 οὐκ
934 3968 974 4030 ἐν
1006 3964 1184 4048 πατρίδι
1214 3967 1257 4043 ἐξ
1284 3956 1320 4048 ἧς
1403 4007 1407 4017 ·

204 4086 334 4159 κρατεῖν
369 4078 419 4144 δεῖ
443 4087 464 4162 η’
485 4084 526 4162 μὴ
562 4080 679 4164 ῥᾳδίως
709 4081 900 4165 ἀποχωρεῖν.
945 4075 1018 4140 Non
1055 4076 1166 4141 sufficit
1196 4077 1321 4141 fortasse

205 4211 272 4252 cum
296 4190 421 4255 Reiskio
445 4191 544 4256 delere
560 4191 811 4276 praepositionem
830 4193 872 4269 ἐξ.
896 4190 981 4256 Num
1004 4191 1082 4255 forte
1107 4190 1233 4256 delenda
1250 4198 1322 4254 sunt

89 4323 91 4328 ·
204 4303 365 4368 vocabula:
390 4311 504 4372 ὃτι-
529 4305 584 4384 ἐξί
609 4303 729 4385 Quibus
745 4307 906 4390 expunctis
929 4305 1094 4370 orationem
1119 4305 1247 4369 similem
1271 4306 1322 4369 ha·

206 4417 343 4482 heremus
375 4420 446 4484 huic
468 4419 536 4501 (ΙΙΙ
562 4423 603 4485 13
630 4421 647 4504 5
673 4422 725 4505 bl:
750 4424 786 4488 od
815 4427 874 4506 γὰρ
904 4427 937 4489 ἐν
962 4431 1002 4506 τῇ
1026 4423 1162 4504 Ἀττικῇ
1190 4425 1322 4487 ἔσταιό

204 4535 358 4616 πόλεμος,
382 4535 424 4611 ὥς
444 4562 492 4610 τις
518 4537 638 4609 οἴεται,
669 4533 753 4600 ἀλλὰ
778 4532 819 4601 δι’
836 4541 876 4617 ἣν
899 4534 935 4618 (i.
964 4557 989 4599 e.
1012 4540 1046 4603 ἐν
1069 4540 1170 4622 ταιίτη
1194 4534 1238 4601 δι’
1264 4536 1319 4620 ἣν)
