3166 5230
721 461 784 528 133

182 673 234 716 cor
253 655 353 715 autem
371 649 610 715 Grammatioum
627 649 761 716 dedisse:
786 653 1008 720 (ἐκτίλλειν
1028 689 1067 699 -
1088 653 1297 730 ἕξιόλλειο

180 789 233 854 per
254 765 487 850 diphthongum.
535 765 658 833 Ceteros
681 763 760 827 enim
785 762 913 827 Graecos
935 785 997 828 non
1021 765 1101 832 ἰλιῖο
1127 764 1180 829 sed
1200 766 1297 835 εῖλιῐι

182 881 296 946 dixisse
315 888 430 946 certum
456 887 501 944 est
523 881 626 965 itaque
646 878 759 943 Atticis
779 878 915 944 tribuens
930 881 1034 950 ἰ’λλιιιι
1052 881 1088 945 de
1103 880 1160 945 hoc
1179 903 1298 966 quoque

182 994 356 1059 discrimine
379 1002 476 1060 tacere
499 1018 561 1060 non
584 1001 710 1081 poterat.
759 993 840 1058 Loco
862 992 898 1057 Π
920 995 961 1058 ‘lb
986 995 1002 1079 q
1026 998 1043 1059 1
1066 994 1180 1060 codices
1195 1018 1299 1061 omnes

183 1109 358 1194 conspirant
381 1109 413 1174 in
441 1111 652 1189 ἐκεόλλοιιτις.
697 1107 743 1173 Ol.
770 1107 878 1172 Suidas
909 1109 940 1172 in
967 1131 1002 1172 ea
1026 1131 1107 1174 voco.
1154 1108 1298 1176 Ceterum

183 1224 264 1288 sitne
297 1225 414 1292 ι’ίλλειιι
434 1247 472 1288 an
496 1225 600 1293 ἰ’λλειο
624 1223 739 1303 verius,
767 1222 848 1287 haud
867 1203 958 1288 'facile
981 1222 1099 1288 dixeris.
1146 1223 1191 1288 Ut
1219 1227 1298 1290 euim

182 1361 237 1424 pro
257 1338 314 1403 hao
329 1339 425 1403 forma
443 1344 582 1423 pugnant
593 1337 737 1403 vocabula
752 1339 819 1425 ἰ’λη,
844 1341 967 1425 όμιλος,
987 1339 1086 1419 ῖλλός,
1108 1338 1152 1404 ita
1176 1363 1229 1427 pro
1244 1341 1298 1406 illa
1369 1415 1379 1424 ,

182 1452 295 1516 militat
317 1451 454 1517 Atticum
479 1454 614 1538 εἰλήθηι
633 1457 663 1516 et
682 1452 796 1517 formae
816 1451 901 1516 verbi
920 1453 1044 1518 Ionicae
1060 1441 1131 1519 bum
1153 1455 1296 1521 derivatis

182 1573 214 1630 et
237 1566 373 1650 cognatis
396 1567 485 1650 οὐλή,
512 1567 637 1650 ἐξουλή,
664 1567 768 1646 ritca,
795 1568 930 1646 sillone,
953 1566 1029 1630 aliis.
1066 1568 1298 1654 Diphthongum

179 1681 390 1767 patrocinatur
407 1679 530 1745 Lobeolr
549 1680 586 1745 ad
602 1681 715 1766 Phryn.
730 1703 760 1766 p.
775 1683 834 1759 30,
847 1682 977 1746 vocalem
995 1680 1091 1763 Cobet
1110 1683 1226 1749 Mnem.
1245 1682 1298 1748 ΙΠ

182 1797 257 1862 159.
302 1794 467 1883 Phrynichi
493 1796 701 1862 testimouium
725 1802 804 1860 stare
828 1819 883 1882 pro
910 1797 962 1862 illa
990 1819 1080 1882 supra
1097 1798 1272 1882 significavi.

225 1911 300 1996 Cap.
320 1915 362 1978 87
386 1913 403 1996 b
428 1916 447 1977 2
473 1913 492 1979 ό
501 1917 603 1998 tosa.
628 1911 725 1977 Οοόό.
749 1910 824 1994 Reg.
850 1910 889 1976 G.
913 1917 943 1975 ot
968 1911 1060 1976 Marc.
1087 1919 1167 1976 recte
1182 1911 1295 1978 habent

180 2028 303 2115 δίψῃ,
332 2027 586 2111 quemadmodum
616 2025 663 2090 IV
686 2026 727 2092 35
751 2027 769 2110 ό
793 2027 827 2092 3·
846 2025 909 2090 Pal.
932 2025 971 2091 D.
995 2025 1019 2089 Ι.
1047 2032 1078 2090 et
1102 2048 1161 2110 mg.
1187 2027 1292 2112 suph.

178 2139 257 2206 bene
289 2141 432 2206 exhibent
455 2143 555 2230 δίψης
586 2163 640 2226 pro
664 2145 794 2226 δίψους.
842 2141 880 2205 In
903 2140 998 2205 forma
1024 2140 1197 2225 antiquiore
1223 2141 1294 2207 libri

181 2278 286 2320 omnes
317 2255 493 2340 conspirant
522 2255 559 2319 II
581 2257 624 2321 49
647 2257 664 2340 ό
685 2258 715 2321 3.
764 2263 869 2342 Δῒψος
900 2255 938 2319 ab
967 2255 1137 2340 antiquiore
1160 2279 1295 2321 sermone

178 2371 287 2440 Attico
318 2371 450 2436 alionum
480 2393 545 2435 esse
568 2371 664 2437 habeo
694 2370 965 2456 persuasissimum.
1013 2371 1159 2435 Similiter
1183 2371 1295 2456 planis-

179 2488 256 2551 sime
280 2487 427 2552 assentior
449 2484 504 2566 iis,
528 2486 580 2570 qui
603 2493 638 2554 τό
664 2492 774 2562 σκότος
798 2484 968 2549 tribuentes
991 2485 1209 2550 recentioribus
1236 2486 1297 2550 for·

178 2625 258 2666 mam
283 2603 478 2666 masculinam
502 2607 520 2668 ό
544 2609 653 2680 σκότος
678 2599 812 2684 antiquis
835 2599 1033 2684 scriptoribus
1057 2599 1168 2664 Atticis
1185 2597 1296 2684 ubique

179 2715 400 2781 restituendam
425 2737 487 2780 esse
509 2716 681 2800 opinentur.
720 2715 753 2778 Is
776 2715 857 2779 solus
880 2714 970 2779 hodie
992 2715 1107 2800 legitur
1129 2715 1210 2799 apud
1229 2715 1295 2778 Ari·

178 2831 376 2915 stophanem,
407 2831 593 2915 tragicisque
617 2830 757 2894 certatim
783 2830 990 2915 paucissimis,
1018 2829 1129 2914 quibus
1152 2835 1294 2894 neutrum

177 2945 348 3030 legebatur,
366 2946 442 3009 locis
459 2953 504 3010 est
521 2945 669 3010 redditus.
701 2944 807 3008 Aelius
824 2944 989 3029 Dionysius
1006 2945 1083 3029 apud
1100 2943 1296 3008 Eustathium

179 3060 218 3125 ad
249 3060 308 3125 Od.
332 3083 374 3124 ve.
407 3060 450 3126 53
481 3065 795 3149 παρασημειοιλμεοός
823 3088 898 3128 τινα
933 3065 1019 3139 ὅπως
1044 3058 1135 3143 (apud
1165 3058 1297 3132 Atticosl

179 3181 264 3241 κατὰ
288 3177 366 3259 γένη
390 3176 608 3259 προφέρονται
625 3173 706 3236 inter
721 3171 886 3236 masculina
901 3178 1038 3236 recenset
1053 3179 1215 3250 όσιιότος,
1236 3195 1296 3238 non

177 3309 348 3352 memorans
378 3309 473 3370 genus
496 3292 655 3366 neutrum,
681 3308 776 3372 quum
799 3293 902 3352 contra
926 3287 958 3350 in
982 3287 1038 3357 iis,
1067 3309 1143 3372 quae
1166 3293 1295 3371 utro'que

179 3425 291 3487 genere
315 3402 469 3486 pudent,
492 3402 579 3486 ponit
594 3408 612 3470 ό
628 3412 756 3490 τάριχος
774 3410 828 3470 καὶ
845 3411 880 3469 τό
900 3412 1029 3492 τάριχος
1045 3409 1084 3469 τὰ
1107 3405 1224 3471 στάδια
1240 3409 1294 3469 καὶ

179 3521 211 3585 οἱ
235 3520 368 3586 στάδιοι.
416 3520 523 3601 Δῆλον
560 3520 611 3594 δὲ,
640 3516 799 3602 subiungit
832 3517 1029 3596 Eustathius,
1053 3524 1105 3586 ότι
1129 3518 1296 3593 Ἀττικῶς

180 3643 284 3702 ταῦτα
308 3643 429 3712 πάντα,
457 3638 524 3700 ἐπεὶ
550 3640 604 3700 καὶ
629 3638 794 3710 Artaxata
820 3635 942 3712 λέξεσιν
970 3643 1140 3710 Διονύσιος
1172 3634 1297 3718 ἐπεξέρ-

182 3775 284 3836 χεται.
310 3746 416 3824 ἄλλως
441 3753 501 3832 γὰρ
523 3753 577 3813 καὶ
600 3755 620 3830 ἡ
640 3752 695 3826 θός
724 3748 869 3830 λέγεται,
895 3748 958 3831 [ὅτι
982 3723 1062 3832 delb]
1089 3753 1143 3812 καὶ
1165 3756 1185 3830 η’
1208 3747 1297 3830 λιμός

181 3868 237 3930 κοιλ
264 3867 299 3928 τό
329 3869 449 3938 σκότος.

228 3976 309 4041 VIII
332 3979 373 4044 56
405 3982 740 4066 ξομβασείοιιτα.
789 3973 906 4040 Cortum
945 3973 1110 4059 analogiam
1144 3972 1297 4059 postulare
1387 3988 1390 3996 ’

180 4097 417 4181 ξιιμβησιίοιτοι
441 4092 658 4156 demonstrarit
681 4091 805 4155 Pierson
829 4091 867 4154 ad
895 4090 1063 4154 Moeridom
1088 4113 1116 4174 p.
1137 4091 1188 4155 14.
1216 4089 1297 4152 Lau·

182 4207 293 4270 darunt
317 4206 424 4271 multi:
448 4207 609 4271 nemodum
634 4204 863 4290 obtemperavit.
911 4209 1093 4293 Διοιβησιίω
1115 4203 1229 4288 legitur
1249 4225 1296 4287 ap.

181 4319 321 4384 Cassium
345 4320 474 4384 Dionem
500 4320 557 4384 XL
581 4322 622 4385 32
647 4320 664 4404 q
689 4322 719 4384 2.

230 4432 305 4518 Gap.
333 4437 373 4501 81
398 4440 474 4499 extr.
496 4443 629 4520 μόιιοος
665 4434 800 4519 antiquis
834 4433 1077 4500 abiudicandum.
1122 4431 1299 4502 Rectissime

184 4549 308 4636 quidam
331 4549 402 4615 libri
425 4559 566 4636 μόνον.
