3190 5232
730 499 773 563 63

189 685 260 771 quia
283 685 434 771 aequiores
456 691 577 748 tantum
597 691 739 762 utuntur,
765 692 915 770 punctum
932 687 1077 771 temporis
1097 709 1159 751 non
1180 685 1307 764 dubito,
1357 730 1360 746 .

189 800 262 885 quin
279 800 433 864 lenissima
445 799 613 864 mutatione
626 799 676 864 hic
696 799 922 864 rescribendum
944 801 1003 864 sit:
1020 804 1063 868 οδ
1081 808 1306 889 καθεώρων

191 917 314 999 (οὐκέθ’
333 922 453 1002 εἰλρων,
476 914 513 977 de
525 935 584 999 quo
604 914 734 978 antehac
746 913 927 998 cogitabam,
946 937 1017 979 num
1035 916 1186 980 sententia
1201 915 1311 990 admit·

190 1031 263 1112 en)
291 1031 460 1113 ceraton.
489 1028 536 1092 of.
564 1028 646 1092 mn
677 1032 741 1096 λοι
769 1037 846 1092 εει..
870 1033 949 1097 υ...
974 1067 1018 1076 -
1040 1039 1090 1116 μη
1120 1013 1310 1096 κλει...

191 1142 285 1213 εἶναι.
314 1181 354 1192 -
378 1142 425 1206 Ib.
449 1144 466 1226 δ
490 1146 520 1208 λ,
546 1149 588 1220 ὡς
616 1142 732 1229 [αὐτῷ]
758 1145 904 1230 ἠγγέλθη
921 1151 1003 1206 τεοῖο
1026 1141 1210 1228 Kriigcr(cf.
1229 1163 1310 1206 meae

190 1258 323 1323 Exercit.
357 1255 486 1322 Oriticae
513 1280 543 1342 p.
570 1260 657 1341 151),
679 1258 731 1321 sed
754 1258 835 1322 idem
859 1257 1214 1342 pronomen'deleverim
1240 1278 1311 1320 mox
1391 1292 1392 1295 τ

190 1394 310 1458 quoque
333 1375 430 1449 εἴτις
456 1375 542 1440 ἐπίοι
576 1373 705 1460 [adro]
726 1371 758 1436 iu
784 1394 843 1456 qua
867 1371 997 1462 formula
1021 1375 1149 1440 ἐπιέναι
1174 1369 1312 1435 absolute

191 1486 268 1551 solet
291 1486 439 1569 usurpari.

235 1601 309 1686 Cap.
335 1603 376 1666 94
400 1601 417 1681 δ
440 1603 470 1666 2.
504 1601 570 1664 Una
594 1600 687 1665 litura
710 1599 776 1664 dele
801 1599 906 1664 verba:
933 1606 990 1667 ἅτε
1016 1609 1238 1686 πανοτρατιᾶς
1263 1601 1313 1678 ξέ-

193 1744 257 1786 νιον
281 1728 347 1785 τῶν
368 1724 538 1802 παρόντων
560 1723 615 1784 καὶ
637 1721 744 1784 ἀστῶν
762 1718 951 1801 γενομένης,
969 1736 1046 1800 quae
1062 1713 1226 1799 adscripsit
1239 1714 1312 1777 olim

191 1831 293 1896 nescio
322 1832 389 1914 quis
423 1853 537 1896 memor
569 1853 672 1896 eorum
706 1853 782 1917 quae
806 1829 861 1894 uh.
888 1837 1060 1896 narraverat
1085 1852 1150 1914 cap.
1177 1830 1220 1896 90
1241 1831 1257 1914 δ
1282 1832 1312 1893 l.

192 1944 271 2008 Baro
294 1951 382 2009 tanta
404 1945 554 2009 sermonis
576 1944 716 2010 scabritie
740 1965 804 2008 sese
820 1941 957 2028 prodidit
979 1943 1137 2009 emblema.
1162 1944 1313 2030 Ignorant

191 2059 273 2123 enim
297 2058 367 2123 boni
384 2059 546 2145 scriptores
566 2058 789 2124 substantivum
804 2067 1018 2145 cancromata,
1040 2067 1164 2144 excepto
1181 2060 1310 2134 Dativ0,

193 2174 246 2259 qui
268 2173 403 2240 adverbii
423 2174 487 2240 vice
502 2173 652 2260 fungitur.
685 2173 725 2237 Et
748 2195 837 2258 quam
861 2175 962 2259 inepte
986 2173 1110 2240 additur
1130 2175 1214 2239 istud
1231 2205 1313 2262 παρ·

193 2289 321 2358 όντων]
344 2326 388 2337 -
412 2287 461 2352 Ad
485 2288 576 2353 verba
598 2295 731 2352 extrema
755 2289 825 2353 vide
851 2289 921 2354 adu.
945 2288 984 2353 ad
1008 2289 1104 2356 1186
1128 2297 1206 2354 extr.

239 2402 312 2488 Gap.
332 2404 373 2471 95
393 2405 408 2487 §
432 2407 618 2492 2.χωρη’σετε
637 2441 681 2452 -
705 2409 744 2481 ές
767 2408 894 2481 αὐτούς.
918 2403 986 2466 Imo
1015 2410 1072 2472 ἐπ’
1098 2407 1224 2482 αὐτούς.

239 2516 310 2602 Cep.
337 2518 389 2583 98.
413 2517 482 2581 Nisi
506 2540 554 2582 me
577 2517 657 2583 fallit
679 2517 798 2602 opinio,
825 2517 988 2603 depravata
1005 2526 1078 2582 suut
1096 2517 1204 2582 ultima
1224 2517 1314 2582 verba

196 2631 286 2696 huius
308 2631 431 2716 capitis,
454 2655 530 2716 quae
554 2633 598 2697 sic
620 2631 805 2718 corrigenda
819 2633 974 2717 videntur:
998 2641 1106 2717 σαφῶς
1121 2633 1149 2700 τ’
1163 2634 1311 2700 ἐκέλευον

195 2753 302 2831 σφίσιν
324 2751 575 2834 ἐπιτρέπειν
600 2748 667 2832 (pro
683 2753 837 2829 εἰπεῖν)
856 2756 898 2833 μὴ
911 2754 1063 2817 ἀπιοῦσιν
1081 2754 1115 2814 ἐκ
1138 2759 1193 2833 τῆς
1210 2756 1314 2815 Βολεο-

195 2867 261 2928 τῶν
281 2872 337 2946 γῆς
361 2899 402 2910 -
424 2863 511 2930 ἀλλὰ
535 2869 618 2930 κατὰ
638 2870 679 2930 τὰ
703 2875 824 2950 πάτρια
845 2869 918 2941 τοδς
939 2864 1312 2952 νεκροδς,[σπένδονσιν]

195 2982 413 3062 ἀναιρεῖσθαι.
453 2977 654 3064 Participium
692 2981 887 3048 σπένδουσιν
918 2977 1076 3061 (debuerat
1112 2977 1177 3042 eius
1209 2984 1315 3042 auctor

195 3095 419 3179 σπεισαμένοις
441 3100 495 3158 aut
517 3095 753 3177 ὑποσπόνδους)
776 3091 997 3176 interpretandi
1021 3114 1109 3156 causa
1125 3090 1312 3174 adscriptum

196 3204 317 3269 videtur
340 3205 378 3269 ad
394 3215 478 3274 κατὰ
494 3213 534 3274 τά
551 3217 683 3293 πάτρια.
718 3206 766 3270 Ad
795 3205 997 3290 corruptelam
1020 3204 1104 3269 verbi
1128 3207 1313 3291 ἐπιτρέπειν

197 3341 350 3404 compares
373 3320 473 3385 locum
496 3319 579 3385 VIII
603 3324 644 3387 67
662 3323 677 3405 λ
697 3325 716 3387 2
725 3369 734 3400 ‚
757 3320 811 3385 ubi
826 3342 880 3404 pro
896 3325 1101 3390 ἀνειπεῖν
1118 3318 1210 3384 multi
1226 3318 1317 3383 codd.

195 3433 340 3498 exhibent
359 3438 570 3522 ἀνατρέπειν.
596 3433 709 3499 Verum
730 3456 795 3499 esse
811 3442 913 3505 εἰπεῖν
930 3434 1044 3519 primus
1061 3433 1188 3518 agnovit
1209 3432 1315 3499 Cobet.

241 3549 314 3634 Cap.
343 3552 384 3615 99
411 3556 489 3614 extr.
513 3555 673 3630 ἀπιόντας
700 3550 784 3636 [καὶ]
810 3552 1001 3638 ἀπολαβεῖν.
1026 3549 1209 3614 Incredibile
1234 3548 1319 3613 dictu

198 3673 246 3728 est
269 3687 359 3749 quam
383 3688 472 3750 saepe
494 3665 551 3730 iste
572 3666 678 3730 vocula
703 3665 736 3729 iu
760 3660 902 3731 veterum
919 3665 1039 3751 scriptis
1064 3666 1245 3751 interpolata
1267 3665 1317 3729 sit.

198 3778 246 3843 Of.
278 3779 317 3842 ad
354 3778 390 3842 II
417 3783 438 3844 4
463 3781 479 3864 δ
509 3783 545 3859 2,
570 3779 617 3844 IV
639 3783 680 3846 92
705 3785 718 3864 t
740 3784 814 3846 aec
837 3783 854 3864 δ
877 3783 907 3846 3.
938 3780 998 3845 Hic
1025 3788 1105 3847 recte
1125 3781 1267 3860 haberet,
1293 3781 1318 3845 si

198 3895 342 3980 scriptum
366 3902 446 3960 esset
457 3900 629 3964 ἀπελθεῖν.
655 3895 749 3960 Recte
769 3895 889 3960 abesta
906 3896 1013 3982 capitis
1032 3895 1144 3960 initio:
1160 3900 1320 3973 ἀπιόντας

197 4049 243 4062 -
265 4014 496 4097 ἀποφέρεσθαι.

244 4125 316 4212 Cap.
347 4127 411 4190 103
435 4134 509 4192 extr.
542 4127 840 4214 ἀπροσδόκητος
864 4133 1082 4213 προσπεσόν.
1124 4125 1323 4212 Thucydideo

198 4241 350 4309 scribendi
374 4243 450 4310 mori
475 4241 571 4326 magis
595 4246 790 4324 congrueret:
812 4243 1130 4326 ἀπροσδοκήτοις
1148 4246 1321 4309 ἐπιπεσών.

200 4359 241 4424 Et
265 4363 448 4428 ἐπιπεσὼν
471 4357 535 4423 cod.
564 4378 649 4420 maus
674 4355 768 4420 Paris.
797 4354 888 4419 habet
906 4377 1011 4419 revera
1034 4379 1051 4420 υ
1076 4361 1095 4421 λ
1120 4379 1198 4421 man.
1223 4357 1320 4440 scrip-

200 4481 267 4538 tum
283 4496 375 4558 supra
391 4479 597 4561 προσπεσών.
615 4469 660 4533 Cf.
681 4469 717 4532 II
733 4471 775 4536 93
791 4477 881 4549 extr,
895 4469 942 4533 IV
957 4474 997 4536 ta
1006 4521 1015 4550 ,
1033 4470 1098 4535 VII
1122 4473 1174 4551 29,
1191 4469 1255 4535 VII
1268 4473 1320 4536 32.

245 4588 320 4676 Cap.
347 4589 409 4655 105
435 4589 452 4672 δ
478 4592 508 4653 l.
543 4592 794 4669 πυνθανόμενος
824 4592 880 4655 τὸν
910 4588 1119 4676 Θουκυδίδην
1148 4591 1260 4671 κτῆσίν
1287 4613 1321 4652 τε
