3166 5230
708 501 771 572 127

180 704 283 763 autem
316 697 426 764 formas
455 699 517 763 illio
547 718 666 785 quoque
695 695 771 761 locis
801 694 960 759 restituere
987 717 1022 758 eo
1046 694 1146 759 minus
1168 695 1293 776 dubito,

179 813 262 898 qnod
285 835 401 878 summa
425 813 596 878 constantia
618 811 739 900 ubique
755 808 900 875 scribitur
922 812 1072 877 ἔθεσαν
1097 815 1128 873 et
1150 811 1294 879 ἔδοσαν

179 948 248 990 cnm
271 926 429 1010 utriusque
453 926 536 991 verbi
552 924 745 1012 compositis,
765 944 929 1013 nusquam
945 927 1071 1012 ἔθηκαν
1088 931 1142 989 aut
1158 927 1295 994 ἔδωκαν.

224 1039 296 1125 Gap.
322 1043 374 1107 67.
400 1043 605 1112 Ἐνοαλιεῐον
630 1040 758 1106 scribam
783 1061 850 1103 cum
873 1036 1000 1102 Oobeto.
1018 1076 1059 1086 -
1083 1037 1131 1104 Ib.
1156 1045 1296 1107 εἰώθε-

181 1181 267 1223 σαν.
314 1153 421 1219 Suidas
452 1162 483 1219 et
512 1155 659 1221 Photins:
693 1161 832 1233 ἐωθὼς
865 1160 957 1240 χωρίς
984 1164 1038 1222 τοῦ
1064 1185 1075 1220 ι
1102 1156 1296 1242 ’Ἄρχιππος

179 1276 235 1336 καί
260 1272 409 1358 Ἀράρως
432 1274 568 1350 ἐόοθας
592 1278 646 1339 καί
672 1271 872 1355 Θονκυδίδης
895 1275 1094 1338 ἐώθεσαν.
1121 1267 1297 1354 Repeteuda

178 1382 300 1449 videtur
330 1385 404 1450 haec
425 1385 552 1450 varietas
575 1407 613 1450 ex
636 1386 760 1470 antiqua
782 1383 942 1448 literatura
965 1383 1212 1464 ante-Eucliden,
1237 1403 1297 1469 qua

179 1509 206 1561 Ε
236 1498 422 1564 scribebatur
452 1521 507 1584 pro
538 1499 731 1586 diphthongo
763 1510 821 1578 EI,
854 1520 930 1583 quae
961 1497 1111 1563 scribendi
1138 1498 1215 1563 ratio
1238 1499 1297 1563 fre·

179 1619 309 1699 quenter
330 1618 454 1699 apparet
475 1615 508 1678 in
531 1614 660 1679 vetustis
684 1613 785 1679 titulis
808 1613 932 1678 Atticis.
980 1612 1030 1677 Sic
1051 1612 1297 1681 inc.1.n⁰.to

182 1739 291 1790 rans
321 1727 437 1813 legitur
459 1750 513 1813 pro
538 1740 673 1810 rrum,
706 1734 749 1792 n⁰.
775 1729 816 1793 76
843 1738 1063 1792 nnnsrrrn
1093 1751 1149 1814 pro
1172 1740 1298 1794 nnus-

184 1854 319 1908 ΤΑΤΕΙ.
365 1841 466 1922 Quare
490 1842 628 1907 Ionicum
652 1847 742 1910 ίωθα
764 1840 932 1926 Thucydidi
955 1841 1117 1908 obtrudere
1131 1843 1217 1924 nolo,
1238 1843 1297 1908 etsi

178 1955 264 2020 illam
283 1954 512 2022 adnotationem
532 1956 641 2023 debere
660 1955 793 2043 suspicor
810 1955 898 2020 Aelio
919 1955 1074 2040 Dionysio.
1098 1955 1147 2020 Ad
1166 1956 1297 2022 eundem

180 2070 331 2136 scribendi
354 2093 466 2137 morcm
482 2071 593 2152 refero,
618 2071 699 2156 quod
723 2070 802 2156 apud
826 2076 963 2135 nostrum
978 2072 1007 2135 V
1024 2074 1064 2136 11
1087 2071 1165 2136 male
1182 2072 1298 2156 legitur

179 2189 405 2273 περιίρξαντες
427 2209 481 2272 pro
505 2190 751 2276 περιείρξαντες.
1059 2166 1061 2168 ¹

226 2297 298 2386 Cap.
323 2302 374 2368 76.
399 2302 771 2370 ἐπιθαλασσίδιοι.
818 2300 864 2368 Cf.
889 2299 935 2364 VI
958 2303 998 2367 62
1022 2303 1298 2386 παραθαλασ·

182 2416 338 2484 σίδιον.
384 2413 454 2478 Illic
490 2418 821 2494 tribularetur,
856 2415 906 2479 hic
940 2417 1297 2500 παραθαλάσσιον

95 2557 104 2576 .
181 2528 281 2593 verius
306 2529 401 2594 videri
427 2530 535 2616 possit.
582 2529 838 2607 Ἐπιθαλάσσιος
872 2529 985 2615 legitur
1015 2529 1050 2594 Π
1077 2530 1118 2596 56
1152 2529 1215 2610 bia,
1246 2530 1299 2596 ΙΠ

182 2645 212 2722 7,
239 2643 279 2708 91
303 2649 334 2706 ct
358 2644 439 2723 105,
471 2646 745 2732 παραθαλάσσιος,
770 2642 805 2707 ΙΙ
828 2646 869 2710 26
895 2650 925 2709 et
948 2643 993 2708 IV
1017 2645 1068 2710 56.
1116 2644 1163 2708 De
1192 2643 1299 2708 formis

180 2756 216 2820 in
241 2747 322 2836 ιδ’ἶῖιξ
347 2756 435 2822 docte
459 2758 523 2842 egit
546 2756 667 2822 Lobcclr
690 2757 810 2842 Parerg.
836 2781 861 2824 o.
886 2757 973 2844 Hp.
998 2759 1061 2825 556
1086 2745 1151 2844 sipq.

226 2869 301 2956 Cap.
319 2873 360 2939 78
384 2879 460 2938 extr.
483 2877 660 2961 Περραιβοὶ
685 2879 717 2936 et
735 2878 940 2962 Περραιβίαν
954 2873 1144 2938 scribendum
1164 2896 1227 2938 esso
1247 2896 1301 2958 per

182 2987 295 3072 duplex
321 3018 338 3075 ρ
370 2994 452 3052 recte
473 2987 589 3052 iudicat
612 2987 742 3072 Kriiger,
773 2987 810 3052 cl.
832 2988 974 3071 Aeschyli
994 2987 1065 3053 loco
1089 2989 1193 3075 Suppl.
1218 2991 1299 3069 253,

181 3099 235 3165 ubi
265 3107 362 3166 metro
393 3125 427 3167 ca
457 3101 553 3167 forma
585 3100 766 3186 postulatur.
818 3101 1076 3188 orthographiam
1108 3104 1300 3181 Homericam

183 3215 237 3301 (Il.
266 3221 287 3304 β
312 3217 388 3304 749)
412 3216 444 3281 in
468 3216 613 3300 scriptore
637 3215 740 3280 Attico
761 3215 839 3280 nihil
863 3238 1025 3282 moramur.
1045 3253 1084 3266 -
1107 3216 1194 3283 Idem
1220 3226 1300 3282 recte

180 3329 280 3396 edidit
302 3333 317 3414 ᾗ
342 3334 360 3397 2
385 3335 530 3418 Λαρίσης
553 3353 608 3415 pro
631 3334 804 3418 Λαρίσσης.
843 3353 848 3368 ·

227 3444 299 3532 Cap.
332 3448 407 3512 116.
442 3447 605 3533 Ἀθηνᾶς.
651 3443 806 3530 Corrigam
837 3447 1033 3534 Ἀθηναίας
1066 3446 1115 3510 hio
1147 3453 1178 3510 et
1205 3444 1233 3508 V
1260 3448 1304 3512 10

180 3564 198 3646 §
223 3563 264 3628 10
287 3567 318 3625 et
344 3562 386 3627 23
410 3567 488 3627 extr.
534 3560 614 3626 Vide
637 3582 714 3646 quac
737 3560 777 3625 de
801 3566 928 3646 utraque
944 3559 1040 3625 forma
1056 3560 1121 3626 fuse
1138 3559 1306 3645 disputavit

181 3674 283 3740 Cobet
307 3675 420 3742 Mnem.
446 3675 475 3740 X
499 3678 542 3743 80
565 3697 632 3760 sqq.

226 3788 299 3876 Gap.
333 3793 407 3857 121.
446 3800 738 3878 προσήρχοντο
775 3790 985 3874 corrigendum
1020 3812 1085 3854 esse
1120 3813 1137 3854 c
1169 3789 1303 3855 Pollucis

181 3901 291 3970 Onom.
322 3904 376 3969 III
402 3905 466 3971 152
496 3904 611 3970 dudum
645 3904 838 3970 observatum
862 3913 919 3971 est.
964 3906 1062 3970 Nemo
1086 3912 1187 3971 tamen
1211 3929 1302 3971 ausus

181 4023 228 4081 cst
250 4017 283 4082 in
307 4023 424 4082 textum
448 4017 595 4105 recipere,
612 4020 693 4104 quod
709 4020 806 4085 solnm
824 4020 913 4085 scribi
929 4021 1050 4104 potuit,
1074 4031 1302 4110 προσῇσαν.

181 4131 297 4197 Herbst
320 4133 421 4199 nescio
438 4133 513 4218 quid
529 4134 767 4199 comminiscitur
783 4134 820 4199 de
837 4133 1012 4222 offerendis
1022 4135 1202 4224 primitia,
1216 4135 1304 4220 quasi

179 4244 213 4309 id
237 4247 400 4312 conveniat
422 4247 593 4313 sentcntiae
616 4255 669 4314 aut
692 4248 808 4314 Graece
832 4249 951 4315 dicatur
973 4259 1212 4340 προσάρχεσθαι

228 4359 302 4444 Cap.
327 4363 403 4427 122.
426 4369 531 4448 ἠφίει
555 4385 609 4448 pro
632 4367 720 4449 οίφίει
744 4364 951 4450 recipiendum
975 4385 1012 4429 ex
1035 4386 1096 4429 uno
1121 4365 1223 4430 codice
1243 4386 1303 4430 non

184 4473 319 4560 optimae
343 4483 444 4542 notae.
491 4474 538 4542 Of.
563 4477 598 4542 Π
621 4478 675 4543 49.
762 4537 768 4548 .

230 4589 301 4682 (lap.
325 4593 399 4660 125.
433 4593 739 4678 ἐκπληγννσθαι.
770 4597 845 4662 doct
872 4603 928 4664 τοῦ
957 4593 1195 4682 ἐκπλήττεσθαι
1225 4596 1304 4660 Θον
