3166 5230
820 497 884 562 100

336 695 356 764 †
381 686 427 752 lb.
452 687 516 770 §¹1-
539 689 676 753 ὑπόνοια
698 693 739 770 μή
758 713 788 751 τι
808 691 862 750 καὶ
887 685 987 752 πλέον
1005 686 1129 762 εἶδὼςό
1154 689 1279 762 Νικέας
1305 694 1415 776 ι’σχυ·

292 805 476 891 ρι’ζηται.
523 798 676 885 Requir0:
718 801 996 887 ἰσχυρίζεται.
1042 798 1087 864 Of.
1123 798 1187 863 VII
1222 800 1264 865 53
1290 809 1348 868 νῦν
1377 803 1411 868 δέ

292 924 481 1006 φοβούμεθα
496 923 500 926 ’
511 923 552 1000 μὴ
577 915 764 1000 ἀμφοτέρων
788 919 854 999 ἅμα
882 923 1190 1001 ἡμαρτήκαμεν.
1238 912 1276 978 In
1304 914 1411 978 vioInis

290 1038 384 1110 ὄκνος
419 1060 467 1110 τις
503 1039 574 1098 καὶ
606 1029 810 1115 μέλλησις
845 1032 1067 1111 ἐνεγένετο
1103 1029 1234 1114 praefero
1270 1027 1412 1093 Vaticani

289 1143 473 1227 aliorumque
498 1141 686 1228 quorundam
709 1141 854 1206 librorum
871 1142 1032 1208 lectionem
1049 1145 1176 1225 ἐγένετο
1193 1150 1225 1207 et
1249 1143 1356 1208 dubito
1372 1167 1411 1208 an

288 1259 420 1344 genuine
442 1258 503 1322 sint
526 1255 669 1323 vocabule
693 1263 746 1324 καὶ
762 1257 928 1342 μέλλησις,
953 1257 1024 1342 quie
1041 1257 1091 1321 vix
1115 1257 1199 1322 aliud
1222 1257 1252 1324 h.
1277 1257 1297 1323 l.
1315 1258 1411 1344 signi·

286 1373 357 1437 fleat
381 1379 488 1451 ὄκνος.
522 1370 614 1452 Quod
637 1371 674 1434 ed
697 1371 780 1457 prius
802 1371 930 1450 attinet,
954 1371 1020 1437 loeo
1044 1371 1080 1435 II
1105 1375 1162 1436 21:
1189 1378 1243 1440 καλ
1270 1376 1409 1458 ἱππομα·

289 1491 345 1575 χόα
361 1515 409 1566 τις
432 1489 653 1569 ἐνεγένετο
680 1492 815 1575 βραχεῖα
844 1491 878 1554 ἐν
908 1491 1062 1573 Φρυγίοις
1095 1485 1233 1570 Kriigero
1261 1487 1411 1551 assentior

288 1599 450 1685 corrigenti
474 1601 610 1692 ἐγένετο.
636 1599 694 1664 Ille
717 1599 806 1664 lectio
829 1623 845 1663 e
869 1599 1074 1684 dittographia
1098 1608 1165 1664 orte
1189 1623 1252 1664 esse
1275 1600 1409 1680 ridetur,

287 1737 356 1779 narn
379 1715 508 1800 syllabus
530 1716 565 1798 ἔγ
590 1722 620 1780 et
643 1717 680 1786 εἷ
702 1715 752 1779 rix
777 1714 943 1800 dignoscas.

214 1821 218 1832 ’
331 1826 403 1914 Cep.
428 1831 471 1896 to
486 1833 503 1916 p
519 1833 549 1895 1.
574 1829 653 1895 Cum
676 1827 761 1893 codd.
781 1828 820 1894 G.
837 1829 875 1895 K.
892 1834 961 1915 post
977 1831 1100 1913 πολλὴν
1118 1831 1199 1917 έχων
1222 1827 1288 1892 dele
1303 1829 1405 1915 ἦλθεν

286 1951 318 2008 et
342 1943 505 2028 cogitando
528 1967 543 2009 e
567 1966 738 2029 praegresso
762 1956 910 2032 παρῇσαν
948 1949 1030 2027 (narn
1054 1943 1097 2008 sio
1116 1943 1137 2008 l.
1162 1965 1216 2028 pro
1242 1947 1406 2030 παρῆσαν)

285 2068 384 2144 repete
408 2071 558 2149 παρῄειν.
577 2099 617 2107 -
644 2058 715 2144 Cap.
741 2058 815 2122 rned.
833 2059 950 2124 rnelirn:
967 2060 1176 2145 μετεμέλοντο
1193 2086 1227 2126 τε
1250 2066 1405 2145 πρότερον

283 2177 340 2242 οὐκ
366 2175 640 2259 (άτι)αναστάντες
668 2195 722 2258 pro
747 2177 953 2250 ἀναστάντες.
1000 2172 1107 2237 Paullo
1144 2179 1212 2236 ante
1242 2171 1275 2236 in
1306 2171 1406 2236 verbis

283 2295 337 2356 καλ
362 2294 472 2374 οἱμὲν
500 2295 696 2375 Συρακόσιοι
722 2290 819 2365 εὐθύς
847 2292 983 2356 αὐτῶν
1016 2289 1181 2357 ἐλθόντων
1210 2297 1403 2376 παρεσκευά-

284 2405 377 2482 ζοντο
412 2407 454 2478 ὡς
485 2406 712 2488 ἐπιθησόμενοι
751 2439 791 2448 -
823 2413 913 2478 τοῖς
942 2401 1206 2490 Ἀθηναίοις
1235 2423 1403 2487 pronomen

284 2519 392 2585 αὐτῶν
424 2514 549 2594 melius,
573 2515 605 2579 ni
628 2515 731 2595 fallor,
754 2515 882 2581 abesset.

328 2639 347 2706 †
371 2629 443 2714 Cep.
470 2630 511 2695 52
531 2631 547 2712 d
565 2632 594 2695 1.
619 2626 895 2716 Interpretemento
919 2629 1053 2696 laborare
1077 2630 1254 2718 videnturd
1273 2635 1291 2696 2
1311 2629 1403 2696 verba

284 2749 318 2812 ἐν
347 2755 390 2831 τῷ
420 2744 532 2832 [κοίλῳ
556 2747 624 2830 καλ]
652 2755 742 2834 μυχῷ
767 2757 822 2814 τοῦ
851 2747 990 2833 λιμένος.
1014 2745 1060 2810 Of.
1086 2745 1149 2810 VII
1172 2748 1202 2811 4.
1227 2754 1247 2824 †
1294 2745 1401 2811 Minus

282 2864 363 2922 reete
387 2858 485 2923 Bothe
509 2858 588 2922 delet
607 2867 660 2928 καὶ
676 2871 779 2948 μυχῷ.
804 2859 889 2940 Quae
908 2869 1079 2946 sequuntur
1098 2859 1141 2924 sio
1156 2860 1265 2946 legisse
1281 2859 1401 2923 videtur

282 2970 433 3036 Diodorus
449 2972 533 3037 XIII
551 2974 592 3038 13
615 2973 718 3039 eiusne
741 2981 858 3039 auctor:
880 2981 934 3041 καὶ
947 2977 1045 3042 αὐτόν
1059 3001 1091 3041 τε
1105 2975 1331 3060 διαφθείρουσι
1345 2977 1401 3040 καὶ

282 3093 338 3163 τός
353 3085 423 3174 μετ’
438 3091 536 3156 αὐτοῦ
560 3098 636 3168 ναῦς
654 3081 870 3174 ε’πισπομένας
897 3090 923 3171 (έ
934 3090 1041 3173 orell·
1067 3093 1219 3156 ἔπειτα
1244 3090 1278 3155 δέ
1308 3099 1371 3156 κτὲ.

324 3199 396 3286 Cep.
422 3203 464 3268 53
488 3205 548 3286 §L
573 3207 633 3282 ἔξω
657 3209 721 3272 τῶν
738 3213 972 3291 σταυρωμάτων
993 3203 1061 3286 [καὶ
1087 3212 1141 3271 τοῦ
1158 3209 1284 3271 ἑαυτῶν
1306 3229 1401 3289 στρα-

280 3319 445 3402 τοπέδου]
471 3316 549 3380 Vide
572 3339 610 3382 ne
633 3317 672 3382 sit
692 3317 940 3382 adnotatiuncula
957 3317 1053 3402 petita
1077 3341 1092 3380 e
1117 3339 1183 3402 cap.
1203 3318 1244 3384 69
1261 3323 1338 3384 extr.
1356 3356 1398 3365 -

279 3434 296 3517 d
318 3435 339 3496 4
361 3434 484 3500 ὁλκάδα
502 3470 542 3480 -
558 3435 745 3516 γεμίσαντες
763 3472 802 3480 -
822 3439 959 3517 α’φεῐσαν
984 3432 1056 3518 [τὴν
1081 3434 1190 3518 ναῦν]
1234 3431 1398 3496 Obiecturn

279 3545 361 3610 verbi
385 3549 519 3631 a'prs‘oa:
546 3553 595 3610 est
617 3548 750 3614 ὁλκάδα.

323 3659 395 3746 (lep.
420 3663 461 3728 56
486 3659 560 3725 med.
585 3660 706 3746 supple:
732 3663 804 3739 τοός
827 3666 886 3745 μέν
912 3659 982 3750 (ἂν)
1009 3664 1262 3748 ἕλευθεροῦσθαι
1279 3670 1345 3730 κτέ.
1367 3669 1398 3726 et

277 3798 348 3840 :nox
371 3796 534 3862 pronomen
558 3798 697 3860 expungo
720 3776 753 3838 in
776 3775 874 3840 verbis
898 3784 953 3844 καὶ
976 3783 1068 3844 αὐτοὶ
1086 3780 1238 3855 δόξαντες
1256 3777 1395 3862 [αὐτῶν]

278 3894 377 3958 αἴτιοι
407 3887 501 3960 εἶναι.
549 3889 733 3956 Vaticanus:
760 3895 898 3959 αἴτιοι
927 3896 1074 3960 αὐτῶν.

321 4003 391 4090 Cep.
411 4007 452 4072 58
470 4007 486 4090 d
504 4009 532 4071 1.
557 4011 620 4074 α’πό
637 4015 691 4073 τοῦ
709 4013 787 4091 πρὸς
809 4013 864 4075 τόν
886 4013 1088 4095 Τυρσηνικόν
1106 4013 1225 4075 πόντον
1242 4006 1395 4092 [repleo]

277 4118 354 4182 Vide
377 4119 756 4204 ad11.ad1165p8.—
780 4121 796 4206 ξ
823 4124 841 4185 2
866 4127 946 4186 reete
969 4120 1040 4185 olim
1064 4120 1096 4212 in
1113 4121 1170 4185 le.
1188 4120 1264 4187 crit.
1282 4143 1311 4206 p.
1331 4121 1396 4188 158

209 4248 210 4251 ’
277 4233 413 4298 dolebam
430 4234 533 4299 verba:
551 4237 688 4304 δύναται
707 4239 740 4304 δέ
759 4241 794 4304 τό
809 4238 1010 4320 νεοδαμώδες
1028 4237 1200 4322 έλευθερόν
1216 4237 1277 4323 ἤδη
1298 4234 1394 4304 εἶναι.

275 4346 394 4427 Quibus
419 4357 521 4415 autem
545 4349 610 4414 illic
633 4349 785 4435 disputavi
808 4349 903 4426 adde,
926 4372 964 4414 ne
989 4349 1186 4414 Scholiastem
1210 4351 1333 4437 quidem
1357 4373 1393 4415 ee

274 4463 417 4529 voeabula
438 4465 563 4550 legisse,
580 4465 692 4550 quippe
708 4465 760 4550 qui
781 4464 824 4528 ita
840 4465 973 4550 profecto
997 4471 1141 4531 annotare
1158 4465 1390 4550 supersedisset:

275 4580 479 4670 νεοδαμόιόης
501 4587 520 4654 o‘
545 4583 712 4667 ε’λευάερός
740 4585 827 4665 παρὰ
858 4589 923 4658 τοῖς
948 4584 1231 4665 Λακεδαιμονίοις.
