3166 5230
801 459 864 526 162

272 667 375 746 ἄκρας
392 663 514 724 ura-
535 651 583 718 Ib.
601 650 665 718 415
690 659 868 720 θάνατον
892 653 999 714 natum
1014 648 1135 714 videtur
1159 672 1175 714 e
1200 657 1393 727 θανόντα,

274 771 354 858 quod
378 755 527 856 glossema
549 767 649 832 locum
674 763 761 830 cedat
784 763 930 830 vocabulo
953 763 1097 849 genuino.
1133 763 1327 851 Scripserim:
1352 771 1393 850 μὴ

274 890 486 972 φθίμενον
507 885 602 970 εἴπῃς
628 882 680 964 (sc.
698 880 949 966 Agamemnona),
966 883 1135 965 τοῦτομὲν
1152 885 1213 967 γὰρ
1230 880 1267 946 οὐ
1284 885 1391 964 σοφόν.

272 999 319 1064 Ib.
345 986 408 1064 571
433 1019 488 1082 pro
511 1000 713 1065 ΕΠΑΤΣΑ
750 1001 806 1064 τὸν
831 1000 930 1079 νόμον
954 991 1055 1056 malim
1076 997 1252 1061 ΕΛΤΣΑ.
1278 1029 1323 1039 -
1346 989 1394 1058 Ih.

275 1116 338 1180 622
362 1111 452 1177 verba
474 1111 579 1200 δρδισοο
601 1139 635 1180 τε
659 1117 746 1198 πρὸς,
772 1115 808 1174 ut
829 1107 969 1192 ineptum
991 1107 1101 1172 veteris
1124 1106 1250 1171 lacunae
1272 1105 1395 1190 supple-

274 1235 430 1308 mentum,
463 1225 634 1292 deleverim.
683 1222 840 1289 Sententia
868 1246 922 1308 pro
953 1221 990 1286 iis
1013 1221 1148 1308 postulat
1171 1227 1207 1289 τὸ
1232 1222 1393 1307 δεύτερον,

273 1345 294 1409 i.
312 1367 337 1410 e.
360 1343 491 1410 iterum.
537 1339 620 1406 Nam
645 1361 703 1404 vss.
728 1340 808 1416 625,
835 1341 899 1405 626
922 1337 1033 1403 iterum
1057 1336 1255 1421 compellatur
1277 1358 1295 1398 a
1316 1333 1395 1420 'Pyrr-

274 1459 363 1524 dareo
387 1457 547 1524 Menelaus
570 1455 678 1520 iisdem
701 1452 815 1532 verbis,
839 1451 949 1537 quibus
971 1458 1062 1518 antea
1084 1473 1142 1517 vss.
1168 1451 1247 1530 536,
1264 1450 1395 1516 537.-

153 1647 155 1652 .
274 1573 322 1639 Ih.
355 1595 413 1639 vss.
447 1572 528 1651 730,
561 1570 577 1634 7
583 1570 625 1635 31
657 1567 774 1655 spurios
797 1588 862 1631 esse
884 1565 1094 1631 demembrent
1119 1566 1182 1632 755
1206 1584 1290 1648 sqq.,
1313 1561 1395 1626 unde

275 1692 399 1772 apparet
421 1685 565 1772 Pyladem
589 1683 741 1749 nihildum
764 1680 948 1746 inaudivisse
972 1680 1009 1744 de
1031 1686 1119 1744 coetu
1142 1678 1337 1762 Argivorum.
1351 1712 1390 1723 —

275 1799 324 1866 Ib.
346 1801 412 1866 904
435 1801 763 1885 ἠναγκασμένος
786 1797 983 1882 depravatum
999 1795 1049 1881 (cl.
1065 1795 1155 1860 Dind.
1172 1794 1219 1860 ed.
1234 1793 1294 1858 Vtu
1306 1791 1400 1858 Scan.

275 1917 357 2002 Gn).
405 1915 550 2001 Suspicor
576 1915 888 2005 ἐξῃκασμένος,
913 1911 935 1977 i.
952 1933 979 1975 e.
1002 1913 1200 1987 πλαστός.
1235 1905 1396 1973 Of.Aesoh

273 2032 333 2115 Ag.
359 2023 434 2098 244¹
445 2033 540 2100 οὐδέν
565 2032 784 2121 ἐξῃκασμένα,
802 2029 1029 2095 1556771-
1052 2025 1099 2092 lb.
1118 2027 1204 2093 1392
1221 2025 1394 2110 Δαρδανία

275 2148 404 2234 τλάμων
426 2148 641 2232 Γαννμῄδεος
666 2150 881 2230 ἱπποσύνᾳ
902 2149 980 2221 Διὸς
996 2144 1120 2211 εὐνέτα.
1144 2119 1231 2205 Haec
1243 2159 1305 2204 non
1321 2136 1396 2202 satis

274 2260 478 2346 expediuntur
500 2260 566 2325 loco
588 2259 628 2324 ΙΙ.
654 2271 684 2328 E
708 2259 790 2338 255,
815 2279 904 2344 quem
928 2257 1014 2322 affert
1039 2255 1210 2321 scholiasta.
1249 2253 1394 2339 Suspicor

274 2377 537 2461 καλλοσδμᾳ,
562 2373 626 2439 sive
649 2374 751 2460 potius
774 2378 999 2463 ἁβροσννμ.
1023 2412 1065 2422 -
1087 2371 1214 2456 ΙΕλνοίν.
1240 2372 1303 2438 145
1327 2391 1393 2455 sqq·

272 2489 429 2556 Fortasse:
463 2497 577 2574 μόονς,
605 2487 654 2566 οἷς
676 2526 720 2538 -
745 2489 946 2578 λείβομαι
975 2510 1029 2574 pro
1054 2491 1280 2574 διέπομαι,
1312 2484 1395 2571 quod

273 2611 335 2668 tam
358 2610 455 2668 metro
478 2623 568 2687 quam
589 2601 759 2668 Graecitati
782 2603 929 2668 infestum
952 2609 1009 2670 est.
1025 2640 1065 2652 -
1089 2601 1137 2668 Ib.
1156 2603 1241 2669 1155
1258 2599 1391 2666 conieci:
1426 2637 1438 2662 .

273 2719 292 2784 δ
302 2721 449 2803 ιαίμον
475 2715 541 2800 (pro
566 2717 585 2782 δ
594 2717 816 2804 ιαδρόμον)
839 2720 964 2806 λέχους.
1003 2718 1099 2783 Recte
1122 2717 1202 2782 enim
1226 2716 1309 2781 Weil
1330 2737 1393 2780 non

272 2853 384 2916 poenas
400 2830 519 2895 dedisse
531 2830 786 2916 Clytemnestram
798 2832 939 2898 observat
950 2830 1157 2910 infidelitatis,
1173 2830 1227 2896 sed
1239 2827 1392 2896 interlecti

272 2947 383 3012 meriti.
428 2946 522 3011 Favet
552 2945 623 3010 huic
653 2945 841 3012 coniecturae
873 2952 1003 3011 metrum
1025 2967 1069 3010 vs.
1095 2943 1270 3010 antithetioi
1294 2943 1392 3008 1147.

273 3061 311 3126 In
330 3067 490 3146 ὑπάγεται
514 3060 578 3124 sine
601 3081 692 3126 causa
715 3059 863 3125 Weilium
885 3060 1019 3125 haesisse
1034 3058 1172 3125 arbitror.
1204 3057 1314 3124 Verte:
1329 3057 1393 3124 sibi

273 3176 409 3243 subiicit.
436 3173 485 3239 Of.
511 3175 606 3241 Thac.
623 3177 693 3242 VII
708 3179 762 3243 46.
779 3173 907 3264 -Ιμλ,
926 3174 948 3242 ι’.
966 3173 1044 3241 Aac.
1062 3175 1127 3240 373
1144 3173 1274 3239 conieci:
1289 3175 1391 3261 μηδὲν

184 3301 188 3308 ’
272 3299 352 3381 ἄρα
375 3295 529 3374 γένονς
552 3291 652 3375 (codd.
675 3300 726 3361 διν
748 3293 906 3381 χρέους)
932 3293 1023 3358 ἕκατι
1050 3297 1113 3358 κτέ.
1159 3287 1392 3374 VulgoePalei

273 3407 448 3471 coniectura
471 3398 603 3490 legit'ur:
631 3417 676 3494 μή
701 3436 736 3475 τι
762 3417 963 3495 χρημάτων
987 3407 1091 3475 έκοτι.
1106 3445 1151 3454 -
1173 3405 1220 3471 [b.
1239 3408 1303 3472 970
1320 3407 1390 3494 τάχ’

274 3525 391 3590 εἴσεται
413 3524 553 3610 σίδηρος·
579 3527 618 3592 δν
644 3529 723 3609 πρὶν
747 3529 779 3601 ἐς
806 3529 937 3609 Φρύγας
956 3526 961 3608 Ι
982 3524 1111 3602 ἐλθεῖν,
1137 3529 1239 3607 φόνον
1263 3523 1390 3610 κηλῖσιν

275 3638 418 3725 [αἵματι]
449 3643 569 3727 χρανῶ.
619 3635 776 3702 Glossema
799 3636 913 3700 detexit
939 3635 1048 3716 weil,
1080 3636 1133 3702 sed
1155 3636 1324 3702 infeliciter
1345 3660 1392 3702 co

273 3753 352 3838 gitat
384 3752 422 3817 de
452 3752 665 3816 substituendo
699 3757 733 3822 ἐν
760 3761 856 3841 μάχῃ.
902 3749 1086 3836 Oppositum
1114 3759 1244 3838 Φρύγας
1273 3757 1392 3816 tantum

271 3889 333 3932 non
365 3866 463 3952 digito
496 3865 684 3931 demonstrat
716 3871 835 3950 poetam
867 3865 999 3932 dedisse:
1024 3843 1126 3953 φονον
1150 3870 1277 3956 κηλῖσιν
1307 3868 1394 3936 ‘'nl-

271 3983 396 4069 ληνος
420 3987 539 4069 χρανῶ.
573 4018 616 4030 -
651 3980 700 4048 Ib.
727 3983 945 4050 1178-1708
976 3981 1038 4046 sive
1060 3980 1221 4066 Euripidci
1245 3989 1336 4062 sunt,
1360 3989 1395 4048 ut

272 4116 330 4180 ego
351 4092 457 4173 oredo,
486 4094 569 4174 sive,
593 4102 740 4177 quaeest
771 4096 924 4162 Dindorfii
956 4097 1127 4175 sententia,
1151 4097 1214 4162 ficti
1239 4097 1277 4163 ab
1299 4097 1395 4164 inter-

272 4209 429 4294 polutore,
460 4208 525 4273 fieri
553 4215 737 4294 nonpotcst
761 4217 859 4275 atvs.
886 4212 972 4278 1178
997 4215 1163 4282 τοιόνδε
1187 4220 1306 4300 μισθὸν
1335 4241 1397 4281 κα·

272 4326 467 4393 ταλιπών
491 4330 594 4411 πρὸς
619 4329 713 4403 τοδς
737 4328 895 4412 δόμοος
920 4349 982 4391 non
1006 4327 1047 4391 sit
1063 4329 1192 4413 turpiter
1208 4330 1399 4414 depravatus.

272 4438 414 4522 Requirit
438 4443 540 4502 autern
563 4437 623 4503 loci
642 4461 736 4504 nexus
752 4440 960 4506 huiuscemodi
977 4442 1171 4527 scripturam:
1205 4455 1330 4515 ποῖον
1356 4447 1398 4514 δέ

270 4557 390 4646 μισθὸν
416 4554 505 4621 τάδ’
528 4554 690 4624 ἀλιτὼν
714 4559 834 4634 τέσεις
858 4557 1008 4643 δόμοις,
1033 4557 1147 4646 quade-3
1180 4577 1259 4626 vero
1275 4579 1400 4650 pomi
