3190 5232
834 465 877 530 80

264 660 349 724 .καί
373 653 494 732 ἄλλους
519 659 553 720 ἐν
578 661 617 738 τῇ
640 655 722 741 αὐτῇ
746 654 880 738 δυνάμει
906 662 981 738 η’μῐν
1007 654 1199 737 γενομένους
1223 655 1412 740 δρῶντας

292 775 335 835 ἂν
360 771 470 835 αὐτὸ.
496 765 540 829 Ut
568 787 656 830 nemo
680 766 712 829 in
736 765 791 831 lali
817 765 968 830 sententia
991 765 1101 831 Latine
1125 766 1281 832 scriberet:
1305 774 1335 834 el
1359 788 1414 834 voa

293 883 329 950 id
345 883 522 968 (sedidem)
539 902 603 950 esse
614 859 773 968 saaolalroa,¹
787 882 830 946 ita
847 882 941 948 Thoe.
957 881 1075 946 dedisse
1092 888 1184 967 pulo:
1202 890 1257 949 καὶ
1272 887 1353 967 ὑμᾶς
1371 921 1413 929 -
1448 867 1455 878 ’

294 1001 439 1086 δρῶντας
462 1009 504 1067 ἂν
530 1005 666 1068 ταύτὸ.
692 997 825 1082 Vulgata
849 998 930 1062 enim
954 997 1045 1062 lectio
1069 996 1176 1060 misere
1200 996 1337 1079 languet.
1365 993 1412 1059 ‘In

293 1134 356 1196 sqq.
382 1111 518 1177 adhibila
542 1112 668 1176 elisione
689 1111 839 1176 edendum
864 1115 1023 1181 πλεῖστ’
1047 1115 1174 1198 οἰρετη
1199 1118 1356 1200 χρῶνται,
1383 1117 1414 1175 el

294 1226 414 1293 πόλλ’
445 1236 495 1295 ἄν
519 1255 568 1303 τις
593 1231 674 1315 ἔχων
699 1236 762 1294 κτέ.
810 1225 954 1290 Similiter
979 1248 1002 1291 o.
1028 1229 1090 1291 107
1114 1229 1199 1311 μετ’
1223 1226 1413 1309 οἰσφαλείας.

296 1338 363 1419 Qua
388 1341 424 1405 de
448 1363 479 1406 re
504 1342 595 1405 semel
620 1342 772 1405 monuisse
796 1341 934 1406 sufficiat.

335 1453 408 1539 Cap.
426 1458 488 1520 111
513 1459 529 1541 θ
552 1458 581 1520 1.
607 1462 739 1524 Τοιίτων
760 1463 818 1541 μὲν
837 1463 891 1523 καί
909 1459 1155 1542 πεπειραμένοις
1171 1465 1214 1526 ἄν
1234 1484 1265 1524 τι
1285 1458 1412 1538 γένοιτο

264 1639 266 1642 ,
293 1574 347 1635 nal
370 1574 445 1654 ὑμῖν
462 1577 517 1636 καί
534 1576 591 1639 ουκ
612 1576 922 1655 α’νεπιστημοσιυ
946 1575 996 1637 ὅτι
1017 1569 1086 1638 ουδ’
1107 1577 1171 1638 α’πό
1191 1580 1266 1652 μιᾶς
1284 1576 1413 1638 πώποτε

292 1685 482 1772 πολιορκίας
507 1685 691 1772 Ἀθηναῖοι
715 1682 758 1751 δι’
778 1685 886 1752 ἄλλων
911 1691 1013 1772 φόβον
1037 1692 1263 1772 ἀπεχώρησαν.
1301 1682 1412 1746 Adiec-

291 1797 347 1859 tivi
374 1801 651 1884 οἰοιπιστημοσιν
685 1798 860 1862 terminatio
896 1798 1029 1862 hausisse
1066 1797 1186 1862 videtur
1212 1798 1413 1864 necessarium

186 1911 190 1919 “
292 1909 1413 1999 Participiumodata.Of.V1145§2‚oola—Iamo&
1465 1983 1469 1994 ,

294 2033 353 2112 γάρ
378 2029 416 2111 δὴ
440 2033 494 2095 ἐπί
518 2056 552 2110 με
577 2036 636 2112 τὴν
662 2033 697 2096 ἐν
722 2038 789 2105 τοῖς
814 2035 991 2117 αἰσχροῖς
1023 2034 1077 2094 καί
1106 2034 1282 2114 προιίπτοις
1307 2030 1414 2097 κινδιί·

293 2169 362 2218 νοις
385 2143 528 2230 πλεῖστα1
545 2144 802 2229 διαφθείρουσαν
826 2147 1025 2229 ἀνθρώπους
1059 2148 1215 2238 αἰσχιίνην
1243 2145 1414 2231 τρέψεσθε.

294 2257 427 2335 πολλοῖς
459 2263 519 2342 γὰρ
548 2259 780 2342 προορωμένοις
816 2260 863 2323 ἐτι
892 2262 923 2334 ἐς
952 2255 1005 2323 οία
1037 2258 1189 2341 φέρονται
1214 2262 1250 2323 τὸ
1282 2262 1413 2344 αἰσχρὸν

294 2372 492 2454 καλούμενον
543 2375 700 2462 ονόματος
744 2379 915 2452 ἐπαγωγοῦ
961 2373 1095 2455 δυνάμει
1145 2376 1414 2438 ἐπεσπάσατο

292 2495 457 2571 ἡσσηθεῖσι
490 2495 544 2554 τοῦ
570 2493 709 2574 ῥήματος
737 2489 820 2572 έργῳ
846 2489 1025 2572 ξυμφοραῖς
1055 2487 1244 2570 οἰνηκέστοις
1279 2492 1413 2564 ἐνόντας

292 2609 473 2685 περιπεσεῖν
496 2605 551 2666 ιιαί
569 2607 727 2688 αἰσχιίνην
745 2604 858 2688 αἰσχίω
872 2601 941 2684 μετ’
960 2602 1073 2677 οἰνοίας
1096 2609 1117 2684 η’
1140 2608 1255 2687 τιίχης
1274 2599 1413 2684 προσλα-

292 2718 376 2800 βεῖν.
424 2712 532 2799 Neque
562 2719 609 2777 est
639 2714 701 2778 ulla
724 2715 768 2778 vis
797 2715 827 2778 h.
850 2714 871 2779 l.
899 2713 931 2777 in
954 2713 1043 2777 verbo
1068 2711 1167 2776 medio
1193 2719 1412 2792 ἐπισπᾶσθαι,

293 2851 390 2914 neque
432 2829 507 2892 satis
548 2836 629 2892 reete
675 2828 749 2893 inde
791 2828 905 2914 pendet
951 2828 1129 2892 Infinitivus
1167 2827 1234 2891 sine
1271 2827 1409 2892 articulo.

293 2943 394 3023 Quare
416 2943 567 3008 lenissime
591 2945 725 3030 corrigo:
758 2946 891 3021 πολλοῖς
919 2952 979 3028 γάρ
1008 2980 1047 2989 -
1074 2948 1109 3008 τὸ
1138 2947 1269 3029 αἰσχρὸν
1297 2944 1413 3008 καλοιί-

291 3086 443 3145 μενον-
462 3062 532 3126 ἐπέ
542 3085 670 3127 σπασε
693 3067 736 3126 τὸ
754 3069 920 3146 ἡσσηθεῖσι
938 3072 991 3126 τοῦ
1009 3065 1147 3145 ῥήματος
1161 3093 1203 3104 -·
1216 3065 1409 3143 περιπεσεῖν.

292 3173 377 3238 Ferri
404 3181 524 3260 posset:
549 3176 706 3252 πολλούς
734 3182 794 3261 γὰρ
823 3175 1082 3260 προορωμένους
1106 3179 1412 3240 -ἐπεσπάσατο

292 3293 538 3375 η’σσηθέντας
569 3327 608 3337 -
634 3299 816 3377 περιπεσεῖν
848 3288 886 3352 ad
910 3288 1078 3372 exemplum
1112 3286 1170 3350 looi
1195 3283 1412 3370 Xenophontei

292 3401 443 3489 Cyrop.V
459 3405 478 3470 5
492 3407 508 3490 ρ
522 3408 563 3470 10
584 3407 733 3472 ὥστεκαὶ
755 3411 819 3471 τὸν
840 3413 967 3490 Κῦρον
983 3400 1154 3488 (cyaxares)
1168 3408 1413 3468 ἐπεσπάσατο

294 3523 520 3607 ἐμπλησθῆναι
550 3522 696 3605 δαιιριίων
721 3526 762 3586 τὰ
788 3525 926 3604 ὄμματα.
975 3517 1034 3581 Sed
1058 3517 1110 3582 illa
1132 3516 1228 3593 ratio,
1257 3521 1291 3578 ut
1318 3513 1414 3578 multo

292 3633 405 3713 lenior,
433 3634 478 3698 ita
502 3634 599 3698 verior
632 3656 695 3697 esse
720 3632 851 3697 videtur.
897 3633 1056 3697 Praeterea
1083 3654 1156 3710 ¹eum
1181 3629 1303 3694 Reiskio
1331 3629 1413 3712 lege·

292 3749 362 3812 rim:
385 3755 419 3816 ἐν
445 3759 511 3827 τοῖς
545 3755 740 3836 ἐσχάτοις
771 3756 825 3816 καί
852 3755 1027 3833 προιίπτοις
1052 3750 1216 3822 κινδιίνοις
1246 3752 1275 3808 et
1300 3745 1332 3807 in
1362 3764 1414 3806 ex-

294 3869 389 3927 trema
408 3862 469 3925 loci
492 3868 577 3946 parte
599 3883 667 3925 eum
688 3860 826 3946 Kriigero
849 3862 1013 3947 amplector
1041 3862 1201 3926 lectionem
1228 3858 1414 3924 scholiastae

293 3986 313 4062 η’·
336 3985 447 4067 nlaa·

337 4101 358 4168 †
381 4089 455 4174 Cap.
480 4094 543 4155 113
569 4098 622 4157 καί
647 4096 923 4176 Λακεδαιμονίοις
952 4101 1005 4159 καὶ
1031 4101 1109 4182 τείχη
1132 4099 1186 4159 καί
1205 4093 1308 4158 ἐλπίσι
1325 4091 1413 4155 πλεῖ·

292 4232 367 4274 στον
401 4208 439 4290 δὴ
467 4209 750 4295 παραβεβλημένοι
790 4209 859 4291 [καί
897 4211 1139 4294 πιστειίσαντες]
1170 4210 1319 4275 πλεῖστον
1358 4210 1413 4271 καί

292 4322 503 4405 σφαλησεσθε.
542 4329 562 4394 †
596 4321 671 4385 Post
706 4324 867 4408 pulchrum
902 4323 981 4388 illud
1009 4324 1312 4412 παραβεβλημένα,
1337 4319 1360 4382 i.
1387 4341 1412 4382 e.

292 4440 528 4526 ἐπιτρίψαντες
555 4439 760 4526 παραβόλως,
795 4446 828 4502 ut
859 4448 943 4506 reete
978 4440 1196 4524 interpretatur
1227 4435 1412 4512 Scholiasta,

293 4553 383 4617 valde
404 4551 496 4637 friget
527 4551 611 4616 istud
633 4550 891 4635 additamentum,
917 4578 977 4642 quo
1001 4556 1100 4620 deleto
1123 4553 1277 4637 aliquanto
1293 4549 1416 4614 oonoin-
