3166 5230
433 1144 746 1235 ANALECTA
795 1145 1051 1238 8011111011.

675 1471 817 1481 -ι-

227 1735 390 1779 reuremrors
421 1713 547 1803 Hippol
578 1713 663 1780 1307
674 1739 682 1776 :
716 1721 735 1782 ὁ
765 1713 796 1780 δ’
827 1715 1016 1799 donando
1045 1715 1213 1790 δίκαιος
1246 1717 1302 1782 οὐκ

184 1829 337 1912 ἐφέσπετο
371 1830 514 1912 λόγοισιν
543 1836 608 1897 ast.
655 1827 802 1893 Iunctum
829 1849 897 1891 oum
928 1826 1086 1912 participio
1108 1829 1214 1914 ὥσπερ
1242 1849 1304 1892 nou

183 1947 287 2025 potest
307 1943 446 2029 usurpari
469 1964 524 2029 pro
547 1949 589 2023 οῖς
609 1941 658 2006 vel
671 1947 740 2010 ἅτε.
790 1941 857 2006 Νοο
879 1949 982 2008 tamen
1002 1965 1018 2008 e
1038 1941 1114 2010 dett.
1134 1943 1304 2028 scripserim

182 2053 254 2126 οὖν
275 2059 470 2152 diaetam
493 2058 546 2122 sed
564 2078 668 2122 verum
692 2056 838 2123 arbitror:
862 2063 969 2146 ὥσπερ
989 2058 1038 2145 ἦν
1062 2061 1232 2137 δίκαιος
1250 2060 1304 2144 (μὴ

182 2175 394 2258 ἐπισπέσθαι)
414 2207 456 2237 =
479 2179 583 2259 ὡσπερ
610 2173 650 2258 ἦν
683 2175 810 2241 δίκαιον
835 2175 935 2242 αὐτὸν
967 2183 1086 2254 ποιεῖν,
1112 2178 1188 2238 noto
1213 2173 1305 2237 Grae·

182 2286 292 2361 oismo,
322 2287 409 2352 euius
439 2287 609 2373 exemplum
633 2292 680 2352 est
701 2309 744 2352 vs.
770 2289 867 2354 1081.
891 2323 935 2338 -
959 2285 1043 2354 Meu.
1070 2289 1135 2356 850
1158 2310 1211 2375 pro
1235 2285 1305 2374 μετ’

182 2378 291 2471 ἄλλων
327 2401 539 2486 corrigendum
569 2424 636 2467 esse
664 2400 739 2488 μεθ’
760 2409 872 2486 ἁγνῶν
896 2401 957 2465 iam
980 2401 1054 2466 alibi
1077 2402 1193 2467 monui.
1238 2401 1305 2466 Iam

184 2517 220 2582 ef.
245 2515 342 2583 Eleet.
370 2519 466 2584 1195.
490 2555 532 2568 -
556 2515 679 2585 Heeub.
705 2517 746 2582 85
774 2517 977 2594 α’λίαστος
1001 2521 1122 2605 φρίσσει
1144 2523 1303 2606 ταρβεῖ.

145 2659 155 2680 ·
181 2631 307 2696 Malim:
335 2637 519 2720 dlrdorop
544 2669 587 2682 -
610 2639 770 2722 τάρβει.
819 2630 867 2696 Ib.
897 2634 960 2699 186
989 2626 1014 2699 ὦ
1044 2635 1159 2702 τέκνον
1186 2637 1302 2702 τέκνον

179 2749 294 2833 μελέας
315 2756 445 2838 ματρός.
487 2747 611 2813 Leniter
630 2768 702 2812 sane
723 2746 873 2812 laboranti
894 2753 990 2811 metro
1007 2744 1187 2811 subvenitur
1206 2746 1305 2811 delete

180 2861 410 2928 interiectione:
437 2863 546 2928 dubito
562 2871 682 2943 tamen,
696 2885 734 2928 an
752 2863 827 2927 satis
843 2868 934 2929 reete.
969 2862 1092 2927 Etenim
1109 2861 1148 2926 ob
1163 2885 1222 2926 vss.
1240 2864 1303 2929 188

181 2999 247 3062 sqq.
272 2983 389 3048 τέκνον
406 2977 508 3063 potius
534 2982 626 3048 ἐλέου
651 2987 820 3065 κινητικόν
837 2976 959 3062 aliquod
975 2978 1133 3065 epitheton
1149 2977 1304 3062 postulare

181 3091 240 3156 sibi
263 3092 392 3158 videtur.
439 3091 541 3174 Quare
564 3089 590 3160 ὦ
612 3095 728 3162 τέκνον
753 3092 878 3158 lacunae
898 3092 1144 3178 supplementum
1160 3113 1225 3156 esse
1240 3113 1305 3155 sns·

180 3207 299 3290 pisaeus
322 3199 454 3272 conieci:
480 3209 596 3278 τέκνον
621 3210 774 3294 μέλεον
797 3209 914 3295 μελέας
935 3215 1060 3295 μητρός.
1097 3204 1144 3271 Ol.
1169 3208 1243 3273 200.
1260 3243 1304 3254 -

180 3322 248 3388 Vss.
272 3323 448 3391 501--510
469 3323 554 3389 loeus
574 3324 704 3410 turpiter
728 3325 950 3411 interpolatus;
974 3323 1028 3407 qni
1044 3343 1134 3387 sanus
1149 3342 1210 3387 non
1228 3321 1303 3400 erit,

181 3437 355 3524 priusquam
386 3461 505 3505 meeum
536 3439 747 3525 proscripseris
774 3461 833 3504 vss.
862 3440 948 3518 504,
977 3438 1052 3517 507,
1077 3438 1142 3505 509
1172 3442 1203 3500 et
1227 3437 1303 3503 510.
1330 3444 1331 3452 ’

183 3552 264 3617 Nam
285 3577 328 3620 vs.
349 3554 414 3621 504
438 3553 600 3618 offenditur
619 3553 790 3634 Graecitas,
809 3554 882 3619 dum
906 3576 964 3620 rss.
982 3555 1046 3622 509
1063 3561 1094 3618 et
1110 3554 1175 3620 510
1197 3550 1304 3616 stolide

181 3676 362 3753 repetuntur
386 3668 466 3734 dieta
490 3669 593 3755 prins3
618 3668 728 3736 deinde
752 3691 797 3734 vs.
821 3671 885 3737 507
909 3668 1031 3734 additus
1051 3667 1172 3733 videtur
1196 3665 1234 3731 ad
1258 3689 1304 3731 re·

181 3782 369 3856 stituendam
400 3783 511 3850 laesam
534 3785 767 3870 interpolatione
791 3783 1050 3868 stiehomythiam.
1097 3783 1177 3847 Mire
1199 3788 1301 3848 autem

180 3898 356 3986 Talthybios
382 3899 469 3964 audit
494 3903 605 3987 γέρων.
632 3937 672 3948 -
697 3898 744 3966 Ib.
772 3901 858 3966 1159
883 3901 939 3967 διὰ
964 3905 1051 3988 χερός
1074 3897 1122 3981 (al.
1150 3904 1249 3987 χερῶν
1273 3902 1304 3960 el

183 4018 300 4105 χεροῖν)
325 4004 475 4098 glossema
503 4037 569 4080 esse
594 4015 672 4080 vidit
688 4015 781 4082 Weil.
828 4018 945 4101 Aptum
965 4013 1057 4078 luerit
1074 4015 1244 4104 διαδοχαῖς
1259 4050 1303 4063 -

181 4139 376 4208 πνιιναῖς.
395 4167 437 4178 --
464 4127 662 4197 00331117.
703 4132 823 4217 Ἑλένη
848 4133 875 4196 σ’
896 4131 1018 4214 ἀδελφὴ
1039 4131 1172 4196 ταῖσδε
1196 4132 1305 4216 δωροῖ-

181 4271 237 4311 ται
262 4253 399 4332 χοαῖς,
424 4248 514 4333 φόβῳ
537 4246 732 4334 προσελθεῖν
750 4254 864 4330 μνῆμα
888 4251 943 4313 σόν
959 4249 1026 4312 ιιτὲ.
1061 4240 1130 4306 Vas.
1147 4240 1305 4306 manifesto

181 4356 344 4442 depravati.
392 4358 550 4445 Suspicor:
575 4363 677 4447 τῇδε
703 4398 743 4408 -
774 4364 862 4449 χερί
869 4407 879 4438 ,
912 4358 933 4423 i.
954 4380 980 4423 e.
1009 4377 1083 4424 meo
1109 4375 1234 4432 utana,
1270 4362 1305 4420 ut

181 4475 291 4541 ταῖσδε
315 4483 405 4562 χοαῖς
428 4472 471 4538 sit
491 4473 638 4559 glossema
659 4473 791 4558 petitum
813 4495 830 4537 e
855 4494 898 4538 vs.
921 4475 995 4540 112.
1024 4470 1139 4536 Deinde
1155 4468 1302 4536 scribam:

179 4592 340 4676 ταρβοῦσά
363 4617 405 4671 γε
428 4611 601 4676 prosa-
623 4587 754 4655 Ib.128
778 4588 862 4674 lege:
879 4590 981 4658 εἴδετε
1004 4593 1081 4675 γὰρ
1106 4583 1170 4674 (pro
1194 4583 1300 4672 παρ’)
