3190 5232
800 445 841 512 12

261 636 418 722 έπρασσεν
445 639 477 716 ές
508 666 541 703 τε
573 642 632 721 τὴν
664 639 898 722 Λακεδαίμονα
933 637 1097 722 [πέμπων]
1128 642 1214 714 ὅπως
1246 635 1383 721 πόλεμος

262 754 397 838 γένηται
416 759 483 819 κτὲ.
516 750 576 830 Qui
602 750 645 815 ibi
666 751 827 835 adscripsit
845 754 979 836 πέμπων
997 775 1058 816 uon
1076 752 1150 815 eatis
1166 749 1384 836 intellegebat,

263 888 321 950 quo
352 888 443 930 sensu
474 865 583 929 Graeci
616 866 719 930 dieunt
745 876 896 952 πράσσειν
923 873 966 944 εἰς
989 873 1021 930 et
1048 875 1141 952 πρὸς,
1167 889 1243 952 quae
1267 867 1383 931 locutio

263 987 366 1044 uestro
390 987 437 1044 est
460 980 623 1044 admodum
647 981 815 1046 familiaris.
855 982 984 1047 Remoto
1005 993 1105 1046 tamen
1123 981 1302 1046 emblemate
1318 982 1385 1046 vide

263 1119 300 1160 eu
325 1095 414 1159 simul
439 1095 662 1161 rescribendum
686 1097 728 1160 sit
751 1108 934 1182 γενήσεται,
959 1097 1031 1183 quia
1053 1101 1122 1181 post
1144 1095 1266 1160 verbum
1289 1104 1385 1180 πράο·

262 1237 329 1277 σειν
353 1209 434 1294 apud
456 1210 665 1296 Thucydidem
689 1228 855 1296 numquam
880 1212 1017 1296 sequitur
1042 1217 1127 1292 ὅπως
1152 1234 1221 1275 eum
1243 1211 1383 1290 doriste,

261 1325 400 1391 seeundo
431 1347 491 1389 neu
516 1326 613 1410 magis
637 1347 728 1409 quam
749 1327 874 1412 prime,
900 1327 953 1390 sed
977 1333 1153 1391 constanter
1177 1349 1245 1390 eum
1269 1326 1385 1390 Futuro

262 1439 333 1504 Iud.
367 1439 450 1502 velut
482 1439 535 1504 ΠΙ
558 1443 578 1504 4
604 1443 762 1525 ἔπρασσον
791 1447 878 1518 ὅπως
906 1471 954 1519 τις
979 1449 1119 1528 βοήθεια
1146 1445 1225 1526 ἣξει.
1252 1440 1297 1505 IV
1323 1442 1387 1508 103

263 1558 409 1640 ἔπραξαν
440 1592 481 1603 ·-
509 1561 594 1632 ὅπως
622 1559 833 1640 ἔνδοθήσεται
862 1566 883 1642 ἡ
909 1560 1021 1634 πόλις,
1055 1555 1073 1620 Ι
1105 1556 1147 1623 56
1179 1564 1386 1641 πρασσόντων

261 1675 346 1748 ὅπως
370 1681 619 1759 τιμωρήσονται,
648 1671 689 1738 65
714 1678 792 1736 extr.
816 1676 850 1750 ές
873 1702 906 1740 τι
923 1681 983 1758 τὴν
1000 1672 1254 1759 Πελοπόννησον
1272 1677 1388 1756 ἔπρασ-

262 1810 317 1852 σον
342 1792 404 1872 ὃπῃ
428 1786 551 1868 ὠφελία
575 1815 624 1863 τις
649 1796 830 1870 γενήσεται,
856 1787 907 1852 ubi
924 1789 999 1852 eitra
1015 1786 1228 1851 necessitatem
1244 1786 1385 1851 Tusanus

261 1899 384 1964 rescribi
414 1899 504 1964 iussit
527 1905 613 1981 ὅπως
646 1901 702 1984 (Cf.
727 1901 745 1966 I
769 1904 833 1968 129
857 1910 949 1980 extu,
974 1900 1021 1966 VI
1046 1903 1117 1984 93),
1148 1900 1196 1965 IV
1220 1904 1284 1968 128
1307 1908 1385 1967 extr.

259 2014 307 2081 VI
331 2018 372 2083 88
396 2018 412 2100 d
436 2019 456 2081 4
480 2024 537 2081 etc.
568 2055 612 2064 —
648 2017 694 2083 Ib.
719 2019 732 2100 t
758 2019 778 2083 3
812 2021 961 2104 νομίζων,
993 2022 1020 2086 εἰ
1051 2021 1250 2106 ξιίμμαχα
1282 2028 1386 2086 ταῦτα

261 2133 328 2217 ἔχοι
356 2134 457 2216 ὅμορα
481 2136 563 2199 ὄντα
589 2137 688 2221 χωρία
719 2139 799 2219 ῥᾷον
827 2139 870 2201 ἂν
898 2140 955 2200 τὸν
983 2135 1123 2217 πόλεμον
1150 2131 1231 2217 [μετ’
1259 2133 1384 2216 αὐτῶν]

263 2254 441 2312 ποιεῖσθαι.
489 2246 635 2311 Deleatur
658 2246 798 2332 putidum
822 2247 986 2326 emblema,
1012 2247 1062 2312 eui
1085 2253 1155 2332 post
1178 2245 1269 2312 verba
1293 2252 1320 2312 εί
1343 2283 1386 2296 -

263 2363 362 2444 χωρία
387 2359 485 2423 locum
514 2381 575 2424 uon
598 2382 663 2424 esse
686 2367 826 2446 apertum
851 2367 907 2425 est.

306 2470 380 2556 Cap.
405 2473 447 2539 58
471 2474 488 2557 d
514 2477 543 2540 1.
565 2481 635 2542 τότε
653 2477 691 2561 δὴ
711 2475 810 2559 [κατὰ
827 2481 884 2544 τὸν
902 2481 1015 2561 καιρὸν
1034 2475 1178 2558 τοῦτον]
1215 2473 1281 2536 Etsi
1297 2472 1386 2558 plane

263 2587 365 2651 eadem
397 2588 487 2653 verba
518 2596 679 2654 recurrunt
710 2589 745 2653 H
773 2612 798 2656 e.
825 2591 867 2656 84
892 2589 970 2654 med.
994 2589 1196 2676 laudaturque
1220 2610 1237 2653 e
1259 2587 1387 2652 Demos·

261 2701 362 2766 thenis
385 2725 428 2767 or.
453 2727 507 2789 pre
531 2703 600 2769 (lor.
625 2707 639 2789 t
665 2707 729 2771 180
752 2712 823 2772 τότε
849 2710 962 2774 τοίνυν
988 2712 1072 2772 κατὰ
1095 2711 1151 2774 τὸν
1178 2709 1291 2790 καιρὸν
1316 2712 1387 2771 τοῦ·

260 2846 330 2892 τον,
365 2817 413 2881 vel
445 2820 488 2883 sie
520 2825 626 2886 tamen
650 2827 797 2906 puuctum
822 2819 966 2903 temperis
990 2841 1050 2883 uon
1076 2818 1199 2897 dubito,
1225 2817 1299 2902 quin
1323 2839 1387 2880 ma-

260 2932 407 3017 gistellis,
438 2924 505 3000 'nou
539 2935 614 3020 ipsis
647 2934 862 3020 scriptoribus,
897 2956 931 2999 ea
963 2933 1174 2998 additamenta
1206 2930 1385 2996 debeantur.

262 3048 363 3128 Quam
387 3051 567 3114 sententiam
590 3051 707 3136 protuli
723 3051 756 3114 iu
772 3050 903 3115 Emeruit.
929 3048 1053 3113 Critieis
1070 3072 1098 3133 p.
1117 3051 1179 3114 147
1197 3047 1299 3132 paullo
1315 3053 1386 3112 ente

262 3163 425 3242 (lebetum,
451 3165 503 3250 qui
528 3164 566 3230 de
590 3164 694 3229 eadem
718 3188 750 3229 re
774 3164 893 3230 monuit
916 3165 948 3228 iu
971 3164 1124 3228 Mnemos.
1152 3163 1201 3228 XI
1224 3187 1253 3248 p.
1279 3164 1354 3230 369.

305 3278 376 3364 Cap.
402 3282 444 3345 62
469 3279 538 3345 init.
585 3282 811 3347 Ποτιδαιᾶται
836 3319 879 3328 -
904 3283 1152 3368 προσδεχόμενοι
1177 3285 1252 3356 τούς
1275 3277 1385 3366 Ἀθη·

262 3401 374 3472 ναίους
402 3397 826 3482 ἐστρατοπεδεύοντο
854 3400 933 3480 πρὸς
958 3396 1124 3463 Ὀλύνθου
1149 3399 1184 3461 έν
1208 3405 1253 3479 τῷ
1280 3400 1384 3478 ἰσθμῷ

261 3517 314 3576 καί
351 3513 475 3594 οἰγορὰν
509 3513 569 3588 ἔξω
601 3519 656 3592 τῆς
691 3509 811 3586 πόλεως
844 3515 1102 3598 ἐπεποίηντο
1137 3547 1177 3556 -
1205 3516 1385 3596 στρατηγόν

261 3657 279 3714 η
289 3653 428 3712 ρηντο.
476 3622 549 3687 Loci
572 3624 726 3688 sententia
754 3624 910 3707 postulat:
938 3624 975 3689 in
1000 3623 1117 3688 caetris
1144 3631 1257 3701 erant,
1283 3623 1387 3709 itaque

261 3762 321 3803 uua
344 3738 432 3802 litere
456 3738 553 3801 deleta
577 3737 771 3802 scribendum
797 3740 1091 3823 ἐστρατοπέδευντο
1117 3737 1317 3823 similiterque
1338 3760 1387 3802 su-

260 3874 313 3936 pra
337 3875 403 3937 eep.
427 3853 486 3919 51:
512 3864 580 3932 τοῖς
597 3858 813 3939 Κερκυραίοις
838 3856 876 3921 δέ
902 3856 1387 3939 στρατοπεδευομένοις-

261 3973 296 4033 αἱ
323 3971 423 4035 ε’ίκοσι
451 3979 523 4052 νῆες
545 4008 590 4016 -
612 3980 901 4056 προσνομισθεῖσαι
931 3970 1111 4037 κατέπλεον
1137 3969 1277 4052 requiro:
1302 3999 1330 4035 τ.
1344 3978 1385 4035 K.

260 4081 289 4147 δ’
314 4084 783 4168 ἐστρατοπεδευμένοις
812 4090 874 4150 ντί.
921 4082 1000 4146 Nem
1025 4082 1068 4147 sic
1090 4082 1213 4146 demum
1236 4090 1317 4148 reete
1341 4105 1385 4146 se-

260 4197 380 4280 quitur:
413 4197 592 4264 κατέπλεον
622 4202 653 4274 ές
685 4203 729 4264 τὸ
760 4198 1069 4282 στρατόπεδον.
1125 4196 1220 4260 Recte
1251 4195 1298 4260 IV
1322 4196 1385 4262 54:

261 4301 352 4395 εὗρον
379 4316 494 4390 decede
518 4314 870 4397 ἐστρατοπεδευμένους
895 4317 926 4374 et
951 4310 1078 4376 IV129
1100 4315 1217 4400 ἔτυχον
1242 4313 1386 4395 ἐξεστρα·

260 4428 489 4511 τοπεδενμένοι
514 4433 545 4490 et
568 4426 677 4494 V188
699 4433 733 4495 έν
756 4436 795 4512 τῇ
814 4429 918 4513 Νάξῳ
940 4428 1271 4510 ἐστρατοπεδευμένοι.
1313 4423 1385 4487 Per-

261 4537 401 4623 vulgatus
420 4546 465 4604 est
486 4561 580 4622 error,
602 4540 653 4624 qui
673 4540 784 4605 nititur
803 4539 877 4604 locis
897 4539 1014 4622 aliquot
1035 4538 1208 4624 depravatis
1214 4588 1223 4617 ,
1237 4539 1384 4603 Praesens
