3166 5230
725 509 789 577 159

194 729 286 792 μενοι
305 704 340 770 δὲ
364 707 400 768 τό
424 699 452 767 τ’
477 705 512 768 ἐν
538 707 578 786 τῇ
597 707 700 785 Σάμῳ
726 706 906 786 στράτευμα
931 707 985 770 καί
1009 707 1066 769 τὸν
1090 698 1330 790 Ἀλκιβιάδην.

196 819 320 901 σπουδῇ
344 824 453 898 πάνυ,
481 817 555 892 rode
581 813 608 881 τ’
637 821 668 894 ἐς
695 821 754 898 τὴν
777 817 1013 902 Λακεδαίμονα
1041 819 1316 904 πρεσβευομένους

195 941 237 1019 μή
254 961 285 1000 τι
302 939 383 1000 ἄνευ
399 936 465 997 τῶν
478 930 637 998 πλειόνων
656 935 757 999 κακὸν
770 931 905 1017 δράσωσι
922 940 981 1017 τὴν
999 933 1105 1012 πόλιν,
1124 935 1191 1014 (διὰ
1208 931 1316 1016 deciso

198 1053 350 1137 (ἔφασαν)
367 1035 600 1130 ἀπαλλαξείειν
621 1057 677 1118 τοῦ
697 1057 784 1131 eyes
804 1054 834 1128 ἐς
854 1048 985 1130 ὀλίγους
1002 1051 1122 1127 ἐλθεῖν,
1135 1047 1231 1137 ἀλλὰ
1250 1053 1315 1116 κτέ.

196 1166 328 1232 Interim
352 1163 420 1230 vide
441 1187 481 1230 an
505 1162 649 1229 sufficiat:
673 1161 934 1276 ‹pededpsvoz‘dss
959 1167 1001 1243 οῖς
1026 1167 1173 1249 ἔφασαν
1192 1201 1233 1211 -
1257 1169 1315 1246 τὴν

197 1283 307 1367 ποληυ,
326 1286 409 1350 οὕτω
433 1279 490 1364 (sic
514 1301 593 1344 unus
617 1277 681 1344 cod.
701 1278 735 1343 in
754 1282 830 1363 mg.)
851 1279 1085 1357 οίπαλλαξείειν
1103 1285 1169 1346 κτὲ.
1204 1277 1317 1343 Vocem

197 1401 279 1465 οὕτω
301 1396 382 1461 haud
402 1416 469 1461 raro
493 1401 563 1480 post
582 1393 750 1479 Participia
772 1393 878 1458 inferri
900 1399 1007 1457 notum
1030 1399 1085 1459 est.
1120 1390 1168 1457 Cf.
1192 1392 1317 1457 Passov.
1369 1453 1376 1462 ,

195 1512 217 1579 i.
242 1534 270 1576 v.
295 1535 326 1598 p.
351 1514 416 1578 600
440 1509 478 1590 b,
504 1512 567 1578 601
592 1532 617 1574 a.
656 1508 704 1573 Ad
727 1508 943 1572 anacoluthnm
962 1511 1005 1587 ὥς
1021 1507 1145 1591 ἔφασαν
1161 1544 1200 1555 -
1214 1507 1319 1576 α’παλ-

198 1629 337 1706 λαξείειν
361 1624 401 1688 cf.
426 1620 593 1688 Matthiael
617 1621 671 1686 Gr.
695 1623 712 1706 0
736 1622 819 1700 539,
845 1624 875 1686 2.

193 1813 195 1820 χ
242 1737 314 1825 Cap.
339 1739 382 1805 90
405 1743 501 1803 exta:
535 1738 780 1824 διῳκοδόμησαν
804 1737 839 1802 δέ
864 1740 919 1803 καί
950 1743 1059 1815 στοάν,
1092 1741 1171 1823 ίχπερ
1201 1733 1241 1820 ἦν
1265 1763 1320 1820 με·

200 1861 293 1943 χίστη
320 1862 375 1923 καί
405 1855 584 1939 [ἐχχιίτατα
611 1852 762 1936 glossema
794 1858 841 1915 est
872 1850 911 1915 ad
943 1852 1054 1936 εδθιίς]
1080 1855 1195 1920 τουτου
1221 1854 1318 1929 εὐθύς

202 1974 337 2060 ἐχομένη
368 1969 417 2053 [ἐν
444 1976 489 2056 τῷ
516 1977 677 2053 Πειραιεῖ.
726 1964 787 2028 His
819 1964 926 2029 lubens
958 1967 1100 2050 carerem]
1135 1970 1196 2032 καί
1220 1964 1326 2054 ἦρχον
1370 1963 1374 1971 ’

201 2089 294 2154 αὐτοί
323 2087 438 2169 odric,
472 2089 503 2160 ἐς
535 2089 576 2168 ίην
601 2087 656 2151 καί
683 2087 740 2152 τὸν
769 2091 859 2151 σῖτον
889 2083 1076 2167 ἠνάγκαζον
1108 2088 1236 2160 πάντας
1261 2086 1318 2148 τὸν

200 2201 387 2290 ὑπάρχοντά
422 2228 455 2267 τε
466 2247 547 2265 .....
585 2201 641 2265 κάί
667 2202 723 2266 τὸν
749 2197 928 2266 ἐσπλέοντα
959 2200 1161 2284 ἐξαιρεῖσθαι
1186 2200 1240 2263 καί
1270 2199 1318 2263 ἐν·

201 2323 317 2386 κεῦθεν
348 2325 585 2404 προαιροῦντας
607 2312 740 2382 πωλεῖν.
789 2309 924 2376 Verbum
948 2314 1149 2397 ἐξαιρεῖσθαι
1175 2307 1319 2393 (eximere

202 2423 346 2512 navibus)
381 2428 468 2514 iungi
506 2427 615 2516 nequit
653 2450 721 2492 cum
747 2426 901 2493 vocabulis
925 2433 981 2497 τὸν
1004 2431 1194 2515 ὑπάρχοντα
1218 2435 1318 2504 σῖτον,

203 2544 306 2625 Quare
338 2543 558 2631 suppleverim:
591 2549 647 2613 τού
673 2547 861 2631 ὑπάρχοντά
888 2569 922 2610 τε
952 2543 1220 2610 οίποτιθέναι
1249 2547 1316 2607 κτί.

185 2705 187 2712 s
234 2659 318 2743 Cap.
345 2659 387 2724 93
407 2664 499 2738 exta,
525 2659 568 2724 94
589 2657 634 2725 in.
657 2660 883 2747 ξυνεχώρησαν
911 2687 944 2725 τε
967 2655 1043 2725 ὥστ’
1066 2661 1097 2735 ἐς
1119 2657 1241 2743 ἡμέραν
1270 2661 1321 2742 ῥη·
1436 2673 1438 2678 ’

204 2781 263 2858 τὴν
296 2773 469 2860 ἐκκλησίαν
495 2783 628 2859 ποιῆσαι
662 2780 780 2856 ἐντῷ
809 2777 1027 2860 Διονυσίῳ
1061 2778 1132 2858 περὶ
1155 2774 1318 2857 ὁμονοίας.

204 2890 314 2971 ἐπειδὴ
343 2889 377 2954 δὲ
403 2886 546 2972 ἐπῆλθεν
571 2899 592 2973 ή
618 2893 660 2957 ἐν
684 2892 896 2956 Διονύσου
924 2888 1077 2975 ἐκκλησία
1100 2895 1166 2956 κτέ.
1194 2884 1317 2950 Malim:

116 3011 135 3038 ⁴
204 3015 335 3086 ποιῆσαι
369 3009 411 3070 ἐν
439 3008 648 3072 Λιονείσου
684 3007 755 3090 περὶ
782 3005 946 3087 ὁμονοίας.
978 3003 1087 3086 ἐπειδὴ
1121 3000 1151 3068 δ’
1175 3003 1319 3086 ἐπῆλθεν

204 3127 225 3204 η’
247 3117 421 3205 ἐκκλησία,
447 3115 545 3181 deleto
569 3117 843 3204 interpretamento
867 3121 901 3186 ἐν
926 3125 970 3204 τῷ
996 3121 1170 3204 Διονυσίῳ.

249 3227 321 3313 Cap.
341 3231 381 3295 97
400 3231 418 3314 d
437 3231 466 3296 1.
491 3237 684 3317 scipenstide
707 3232 832 3318 μηδίνα
852 3233 960 3318 φέρειν
986 3234 1170 3318 μηδεμιᾷ
1198 3233 1321 3317 ἀρχῆς

200 3352 233 3422 ,εἰ
258 3347 293 3413 δέ
319 3356 378 3430 μή,
405 3350 566 3433 ἐπάρατον
595 3351 798 3430 ἐποιήσαντο.
845 3345 940 3409 Recte
963 3344 1068 3431 Poppo
1091 3347 1246 3432 μηδεμιᾶς
1271 3348 1324 3429 α’ρ-
1421 3389 1425 3414 ι

210 3469 284 3550 χῆς,
310 3460 372 3524 nisi
395 3460 477 3545 quod
499 3461 629 3526 forsitan
653 3460 752 3526 lenius
777 3460 872 3545 possis
894 3463 1104 3549 μηδεμίαν
1132 3463 1276 3547 οίρχην.

250 3576 286 3642 Ρ.
312 3577 375 3642 116
399 3575 437 3639 ad
462 3576 514 3643 25.
562 3575 652 3642 Hanc
671 3575 821 3654 rationem
844 3581 926 3640 recte
945 3582 1065 3640 secutus
1088 3579 1135 3638 est
1157 3572 1291 3641 Classen.

251 3691 285 3758 P.
313 3693 394 3770 118,
420 3692 474 3758 15.
522 3691 604 3778 Lege
627 3692 843 3779 Πολυνείκης.

251 3801 286 3872 P.
313 3807 377 3871 123
400 3806 437 3870 ad
461 3808 535 3874 102.
581 3806 751 3894 Thucydidi
774 3805 897 3871 reddam
920 3805 1129 3872 Ἀπόλλωνα.

252 3919 287 3984 Ρ.
314 3920 377 3985 125
402 3918 442 3982 ad
466 3921 539 3986 111.
587 3919 735 4004 Spiritum
752 3943 888 4005 asperum
904 3919 1018 3984 invicto
1035 3939 1131 4004 nuper
1145 3924 1325 4004 argumento

208 4033 400 4118 impugnavit
422 4033 450 4097 la
475 4033 577 4098 Reche
600 4034 638 4098 ad
654 4034 764 4122 Odyss.
783 4064 804 4102 α
822 4039 862 4102 27
881 4035 925 4100 sic
940 4033 1090 4102 scribens:
1118 4033 1227 4115 „Caret
1243 4032 1350 4097 omni·

210 4147 324 4212 ratione
346 4148 419 4212 haec
441 4147 604 4234 scriptura,
630 4173 699 4214 nam
719 4151 751 4214 in
771 4150 956 4215 dictionibus
972 4149 1095 4214 Graecis
1112 4149 1172 4214 duo
1188 4147 1328 4233 deinceps

210 4262 341 4350 syllabae
359 4262 495 4348 incipere
519 4286 580 4352 non
604 4265 702 4330 solent
727 4266 765 4331 ab
788 4266 926 4351 aspiratis
951 4265 1044 4331 cett.”
1092 4264 1194 4346 Quare
1223 4263 1329 4327 doctus

210 4378 333 4443 meliora
359 4399 421 4443 non
445 4401 552 4463 sequar
574 4381 743 4467 exemplum
768 4403 891 4456 eorum,
917 4381 969 4466 qui
991 4387 1110 4466 ἁθρόος
1135 4379 1270 4444 scribunt
1296 4383 1327 4443 et

210 4495 364 4580 ἁθροίζω.

255 4603 328 4690 08P·
354 4607 396 4671 23
418 4607 437 4691 0
460 4609 481 4672 4
504 4612 624 4687 ταυτας
649 4637 682 4676 τε
706 4615 765 4696 γὰρ
790 4589 933 4700 ἐτρεψαν
960 4616 1014 4677 καί
1037 4614 1090 4696 ὑφ’
1106 4596 1162 4680 ὀἷν
1185 4617 1220 4678 τὸ
1244 4615 1327 4698 πρῶ-
