3166 5230
723 491 787 555 143

239 682 316 766 Gap.
343 685 361 746 7
385 683 402 766 b
427 685 457 746 2.
492 681 678 766 Ἀθηναῖοι
700 687 754 748 καὶ
778 687 817 758 ἐς
835 684 1089 770 Πελοπόννησον
1105 684 1309 750 ἀπέστειλαν.

195 795 303 860 Malim
326 802 420 882 περὶ
443 796 710 882 Πελοπόννησον,
740 801 774 860 ut
797 795 833 859 Π
858 798 901 862 23
925 799 939 880 5
964 800 981 863 1
1009 797 1141 862 etalibi.
1187 797 1318 882 Praepo-

194 911 335 976 sitionem
363 915 395 989 ἐς
424 909 502 973 male
526 909 695 994 suppletam
724 909 868 994 suspicor,
901 917 1061 995 postquam
1084 912 1179 996 prima
1203 911 1317 998 syllaba

195 1023 334 1090 vocabuli
358 1024 511 1109 sequentis
536 1023 685 1088 hausisset
708 1026 942 1110 praepositionis
966 1034 1038 1112 περί
1064 1027 1285 1112 compendium.

238 1139 312 1225 Cap.
337 1141 471 1224 tabl.
516 1143 596 1206 drot
621 1145 657 1206 τὸ
685 1148 862 1210 σκοτεινόν.
911 1143 949 1206 In
974 1147 1087 1210 ΑΝΑ
1115 1143 1191 1207 latet
1215 1147 1313 1209 AIA.

239 1235 310 1338 rag.
338 1257 381 1321 40
405 1253 441 1317 aa
461 1254 504 1319 11
529 1255 545 1336 1
567 1255 596 1317 1.
643 1253 1314 1341 111111111149,11119119,

195 1370 258 1436 105
284 1375 360 1434 extr.
386 1375 415 1433 et
438 1368 560 1454 passim.

240 1484 286 1550 Ib.
311 1484 349 1548 ad
374 1487 425 1550 26.
471 1483 556 1548 Haec
586 1483 722 1549 scribens
748 1483 928 1568 ignorabam
954 1483 1140 1568 ingeniosam
1166 1485 1314 1570 Stephani

194 1598 398 1662 coniecturam
425 1605 570 1687 ἄρχοντα
594 1619 650 1682 pro
675 1579 930 1686 &pervacuam
954 1599 1020 1662 iure
1044 1599 1158 1683 recepit
1181 1597 1313 1664 Classen.
1377 1633 1378 1636 ¹

239 1713 313 1798 Cap.
336 1716 376 1778 27
402 1719 478 1778 extr.
524 1711 914 1798 Expungendum'vidotur
937 1716 1076 1799 ἔφασαν.

238 1827 311 1912 Pag.
329 1831 373 1896 40
397 1827 436 1892 ad
455 1829 534 1914 3111
559 1831 588 1893 1.
613 1829 680 1893 Iam
704 1828 772 1892 vide
790 1851 827 1893 au
843 1829 876 1892 in
893 1835 1198 1900 MAAICTOTOA
1217 1829 1313 1894 lateat

191 1948 502 2024 MAAIOIOYOA,
539 1946 799 2029 μαλκίουσα,
837 1943 857 2007 i.
883 1966 909 2009 e.
943 1951 1080 2032 torpens.
1136 1943 1217 2009 Utar
1247 1951 1311 2022 est,

192 2057 331 2122 Herbstii
355 2058 496 2141 vulgatae
517 2058 659 2122 lectionis
680 2057 982 2144 interpretationem,
1006 2082 1097 2145 quam
1117 2059 1311 2144 amplectitur

191 2172 334 2250 Classen,
359 2172 430 2237 ferri
453 2195 515 2237 non
539 2195 627 2258 posse
652 2172 726 2237 mihi
751 2178 865 2237 certum
889 2180 947 2240 est.

232 2288 308 2372 Pag.
334 2290 374 2353 41
404 2288 508 2353 11131
534 2288 611 2354 med.
658 2287 705 2354 Of.
730 2288 822 2354 Arist.
842 2288 912 2354 Pac,
936 2289 1019 2354 582:
1043 2293 1085 2365 ὡς
1108 2287 1208 2374 ἦλθες
1231 2297 1307 2374 ἡμῖν

190 2409 350 2490 ἀσμένοις.
398 2404 445 2469 Ib.
470 2403 509 2468 ad
532 2406 573 2466 39
597 2405 614 2488 b
637 2405 666 2468 3.
712 2401 853 2466 Fortasse
872 2409 973 2466 tamen
999 2423 1073 2488 opus
1094 2422 1155 2464 non
1179 2408 1234 2466 est.

235 2519 309 2608 Gap.
336 2521 379 2586 34
407 2522 478 2605 Η.
513 2526 544 2590 οἱ
567 2521 601 2588 δὲ
623 2519 857 2598 ὑπεξελθόντες
885 2515 1072 2604 [contendi
1118 2515 1163 2581 Of.
1189 2516 1310 2600 Kriiger
1433 2534 1439 2550 ¹

189 2644 221 2704 et
243 2637 376 2703 Classen.

234 2753 307 2838 Gap.
333 2753 375 2817 39
399 2754 414 2835 b
438 2755 466 2816 6.
512 2749 584 2814 Iure
609 2750 726 2834 Kampe
750 2756 782 2813 et
804 2746 927 2832 Kriiger
950 2747 1113 2812 haeserunt
1134 2749 1166 2812 iu
1190 2746 1307 2812 verbis:

188 2875 307 2946 πάντες
337 2873 398 2952 γὰρ
423 2874 500 2951 ἡμῖν
531 2892 567 2947 γε
597 2867 709 2950 ὁμοίως
740 2865 912 2942 ἐπέθεντο,
940 2863 986 2942 οἷς
1011 2862 1041 2945 γ’
1065 2866 1139 2947 ἐξῆν
1163 2869 1206 2939 ὥς
1228 2873 1308 2950 ἡμᾶς

188 2989 401 3070 τραπόμενοις
436 2990 493 3048 νῦν
530 2979 661 3048 πάλιν
697 2983 732 3047 ἐν
766 2989 805 3065 τῇ
835 2979 926 3046 πόλει
954 2975 1049 3048 εἶναι.
1098 2977 1197 3042 Maius
1228 2977 1308 3042 euim

185 3095 307 3181 aliquod
338 3094 515 3180 praemium
531 3093 687 3158 fidelitatis
714 3115 730 3156 a
759 3091 869 3157 Cleoue
903 3093 1129 3157 commemorari
1151 3079 1307 3178 probabile

187 3218 242 3277 est.
288 3211 330 3275 Et
355 3209 426 3295 quid
451 3208 508 3273 sibi
532 3209 597 3274 vult
620 3208 744 3278 πάλινῗ)
790 3208 872 3273 Nam
895 3209 933 3271 ad
958 3209 1158 3285 Athenienses
1182 3209 1208 3272 si
1236 3231 1306 3276 oon·

185 3323 352 3408 fugissent,
372 3324 649 3412 permansissent,
674 3329 709 3388 ut
733 3323 851 3408 opinor,
875 3330 910 3392 ἐν
934 3335 974 3411 τῇ
993 3325 1094 3392 πόλει.
1118 3324 1184 3388 Ν11
1204 3331 1305 3388 tamen

186 3461 289 3504 verum
321 3438 468 3524 reperisse
502 3438 577 3504 mihi
604 3437 722 3504 videtur
753 3439 869 3524 Kampe
900 3438 1101 3503 audacissime
1136 3439 1305 3524 corrigens:

186 3556 445 3632 ἀντιπάλοις
470 3565 560 3633 τοῖς
590 3559 631 3622 ἐν
657 3555 784 3621 τέλει.
833 3553 885 3618 Me
910 3553 935 3617 si
958 3553 1079 3632 1111111,
1103 3553 1199 3617 solum
1220 3559 1306 3622 ΠΑ·

185 3677 277 3738 ΛΙΝ
299 3668 494 3753 depravatum
515 3676 560 3732 est
578 3667 671 3752 idque
691 3691 728 3732 ex
747 3673 819 3736 ΠΑ
825 3677 861 3736 Ν
862 3673 927 3736 ΤΑ
933 3722 940 3746 ,
959 3691 1017 3754 quo
1038 3669 1179 3734 restituto
1201 3691 1306 3735 sensus

186 3782 262 3848 erit:
286 3783 421 3871 quibos,
437 3782 467 3848 si
483 3781 528 3848 ud
542 3802 600 3848 nos
617 3782 846 3869 conscpiceret,
867 3802 954 3848 cunc
973 3782 1158 3870 plurimum
1180 3784 1306 3872 pollere

184 3895 219 3962 iro
241 3917 302 3964 1111
328 3897 462 3964 ciuitate
486 3897 606 3964 liceret.
647 3897 699 3960 Ita
724 3897 805 3960 enim
830 3897 978 3983 superatis
1005 3897 1181 3982 oligarchiS,
1213 3921 1306 3982 penes
1425 3945 1427 3950 -

184 4011 330 4096 populum
363 4035 480 4076 summa
507 4033 608 4076 rerum
635 4011 752 4077 suisset.
800 4012 869 4076 Hoc
894 4034 984 4076 sensu
1008 4014 1089 4097 apud
1113 4013 1304 4079 Herodotum
1410 4057 1416 4066 ,

184 4125 235 4189 III
260 4127 323 4192 157
348 4127 482 4212 Zopyrus
506 4126 636 4193 dicitur:
660 4136 770 4196 πάντα
795 4126 879 4196 εἶναι
904 4134 945 4196 ἐν
969 4139 1037 4206 τοῖς
1059 4130 1301 4218 Βαβυλωνίοις.

184 4238 230 4303 Ab
260 4241 315 4306 hac
339 4241 469 4306 formula
493 4243 633 4307 nonnihil
660 4242 776 4307 diversa
799 4249 845 4307 est
867 4242 977 4307 altera:
1002 4254 1111 4313 πάντα
1135 4243 1220 4313 εἶναί
1237 4272 1303 4312 τινι

183 4352 204 4417 i.
227 4376 252 4420 e.
283 4356 429 4422 omnium
460 4357 568 4423 instar
601 4377 666 4426 csse
695 4358 812 4437 alicui,
839 4358 982 4446 plurimi
1010 4360 1085 4447 ficri
1112 4361 1152 4426 cb
1180 4359 1302 4448 aliquo,

184 4466 243 4534 Fac
267 4477 368 4535 autem
387 4471 483 4536 Thuc.
504 4473 676 4558 scripsisse:
703 4484 770 4542 ror
794 4482 932 4542 πάντα
957 4487 1000 4559 τῇ
1026 4476 1146 4542 πόλει
1172 4473 1299 4546 εἶναι,

184 4583 290 4651 licebit
309 4586 520 4675 interpretari:
538 4609 625 4656 1111
645 4588 785 4656 maximi
803 4588 920 4679 (terent
939 4611 961 4654 s.
981 4609 1105 4656 11111111
1125 4587 1300 4658 inhonore
