<?xml version="1.0" encoding="UTF-8"?>
<!DOCTYPE html PUBLIC "-//W3C//DTD XHTML 1.0 Transitional//EN"
    "http://www.w3.org/TR/xhtml1/DTD/xhtml1-transitional.dtd">
<html xmlns="http://www.w3.org/1999/xhtml" xml:lang="en" lang="en">
 <head>
  <title>
</title>
<meta http-equiv="Content-Type" content="text/html;charset=utf-8" />
  <meta name='ocr-system' content='tesseract 3.04.00' />
  <meta name='ocr-capabilities' content='ocr_page ocr_carea ocr_par ocr_line ocrx_word'/>
</head>
<body>
  <div class='ocr_page' id='page_1' title='image "./studiathucydide00herwgoog_0072.png"; bbox 0 0 3190 5232; ppageno 0'>
   <div class='ocr_carea' id='block_1_1' title="bbox 699 481 741 549">
    <p class='ocr_par' dir='ltr' id='par_1_1' title="bbox 699 481 741 549">
     <span class='ocr_line' id='line_1_1' title="bbox 699 481 741 549; baseline 0 0"><span class='ocrx_word' id='word_1_1' title='bbox 699 481 741 549; x_wconf 79' lang='lat'><strong><em>59</em></strong></span> 
     </span>
    </p>
   </div>
   <div class='ocr_carea' id='block_1_2' title="bbox 88 668 1286 2826">
    <p class='ocr_par' dir='ltr' id='par_1_2' title="bbox 156 668 1278 869">
     <span class='ocr_line' id='line_1_2' title="bbox 157 668 1278 758; baseline 0.003 -20"><span class='ocrx_word' id='word_1_2' title='bbox 157 671 199 738; x_wconf 77' lang='lat' dir='ltr'><strong><em>tis</em></strong></span> <span class='ocrx_word' id='word_1_3' title='bbox 230 668 328 736; x_wconf 87' lang='lat' dir='ltr'>verbis</span> <span class='ocrx_word' id='word_1_4' title='bbox 362 680 383 757; x_wconf 78' lang='grc' dir='ltr'><strong><em>η</em></strong></span> <span class='ocrx_word' id='word_1_5' title='bbox 415 672 543 756; x_wconf 78' lang='grc' dir='ltr'><strong><em>φυλακὴ</em></strong></span> <span class='ocrx_word' id='word_1_6' title='bbox 579 702 621 718; x_wconf 79' lang='lat'><em>-</em></span> <span class='ocrx_word' id='word_1_7' title='bbox 643 672 803 758; x_wconf 76' lang='grc' dir='ltr'><strong><em>μηδενός,</em></strong></span> <span class='ocrx_word' id='word_1_8' title='bbox 833 693 900 736; x_wconf 90' lang='lat' dir='ltr'><strong><em>cum</em></strong></span> <span class='ocrx_word' id='word_1_9' title='bbox 924 671 1062 758; x_wconf 84' lang='lat' dir='ltr'>Kriigero</span> <span class='ocrx_word' id='word_1_10' title='bbox 1086 673 1278 742; x_wconf 86' lang='lat' dir='ltr'>scribendum</span> 
     </span>
     <span class='ocr_line' id='line_1_3' title="bbox 156 785 339 869; baseline 0 -17"><span class='ocrx_word' id='word_1_11' title='bbox 156 785 292 869; x_wconf 70' lang='grc' dir='ltr'><strong><em>α’φανές·</em></strong></span> <span class='ocrx_word' id='word_1_12' title='bbox 319 791 339 860; x_wconf 93' lang='lat'><em>†</em></span> 
     </span>
    </p>

    <p class='ocr_par' dir='ltr' id='par_1_3' title="bbox 88 897 1282 2014">
     <span class='ocr_line' id='line_1_4' title="bbox 202 897 1278 988; baseline 0.009 -26"><span class='ocrx_word' id='word_1_13' title='bbox 202 897 273 983; x_wconf 81' lang='lat' dir='ltr'>Cap.</span> <span class='ocrx_word' id='word_1_14' title='bbox 299 901 340 965; x_wconf 84' lang='grc'><strong><em>68</em></strong></span> <span class='ocrx_word' id='word_1_15' title='bbox 359 899 375 982; x_wconf 58' lang='grc' dir='ltr'>ᾧ</span> <span class='ocrx_word' id='word_1_16' title='bbox 400 901 431 963; x_wconf 87' lang='grc'><strong><em>4.</em></strong></span> <span class='ocrx_word' id='word_1_17' title='bbox 454 902 580 982; x_wconf 73' lang='grc' dir='ltr'><strong><em>ἔφασαν</em></strong></span> <span class='ocrx_word' id='word_1_18' title='bbox 606 909 720 988; x_wconf 79' lang='grc' dir='ltr'><strong><em>χρῆναι</em></strong></span> <span class='ocrx_word' id='word_1_19' title='bbox 745 903 891 984; x_wconf 77' lang='grc' dir='ltr'><strong><em>αὐοίγειν</em></strong></span> <span class='ocrx_word' id='word_1_20' title='bbox 916 908 974 981; x_wconf 84' lang='grc' dir='ltr'><strong><em>τάς</em></strong></span> <span class='ocrx_word' id='word_1_21' title='bbox 990 904 1095 982; x_wconf 72' lang='grc' dir='ltr'><strong><em>πύλας</em></strong></span> <span class='ocrx_word' id='word_1_22' title='bbox 1112 911 1166 971; x_wconf 83' lang='grc' dir='ltr'><strong><em>καὶ</em></strong></span> <span class='ocrx_word' id='word_1_23' title='bbox 1187 910 1278 985; x_wconf 81' lang='grc' dir='ltr'><strong><em>ἐπεξ-</em></strong></span> 
     </span>
     <span class='ocr_line' id='line_1_5' title="bbox 88 996 1279 1108; baseline 0.004 -27"><span class='ocrx_word' id='word_1_24' title='bbox 88 996 91 1004; x_wconf 31' lang='grc'>’</span> <span class='ocrx_word' id='word_1_25' title='bbox 158 1016 243 1083; x_wconf 91' lang='grc' dir='ltr'><strong><em>ιε’ναι</em></strong></span> <span class='ocrx_word' id='word_1_26' title='bbox 280 1019 311 1092; x_wconf 84' lang='grc' dir='ltr'><strong><em>ἐς</em></strong></span> <span class='ocrx_word' id='word_1_27' title='bbox 341 1023 469 1102; x_wconf 87' lang='grc' dir='ltr'><strong><em>μάχην·</em></strong></span> <span class='ocrx_word' id='word_1_28' title='bbox 502 1015 667 1093; x_wconf 76' lang='grc' dir='ltr'><strong><em>ξυνέκειτο</em></strong></span> <span class='ocrx_word' id='word_1_29' title='bbox 701 1012 730 1084; x_wconf 77' lang='grc' dir='ltr'><strong><em>δ’</em></strong></span> <span class='ocrx_word' id='word_1_30' title='bbox 766 1019 877 1095; x_wconf 76' lang='grc' dir='ltr'><strong><em>αὐτοῖς</em></strong></span> <span class='ocrx_word' id='word_1_31' title='bbox 910 1018 1144 1103; x_wconf 82' lang='grc' dir='ltr'><strong><em>[τῶνπυλῶν]</em></strong></span> <span class='ocrx_word' id='word_1_32' title='bbox 1170 1024 1279 1108; x_wconf 80' lang='grc' dir='ltr'><strong><em>άνοιχ·</em></strong></span> 
     </span>
     <span class='ocr_line' id='line_1_6' title="bbox 158 1132 1278 1218; baseline 0 -21"><span class='ocrx_word' id='word_1_33' title='bbox 158 1137 278 1198; x_wconf 79' lang='grc' dir='ltr'><strong><em>θεισῶν</em></strong></span> <span class='ocrx_word' id='word_1_34' title='bbox 311 1135 478 1198; x_wconf 84' lang='grc' dir='ltr'><strong><em>ἐσπίπτειυ</em></strong></span> <span class='ocrx_word' id='word_1_35' title='bbox 509 1135 584 1208; x_wconf 85' lang='grc' dir='ltr'><strong><em>τοός</em></strong></span> <span class='ocrx_word' id='word_1_36' title='bbox 612 1132 832 1218; x_wconf 82' lang='grc' dir='ltr'><strong><em>Ἀθηναίους.</em></strong></span> <span class='ocrx_word' id='word_1_37' title='bbox 879 1133 999 1199; x_wconf 84' lang='lat' dir='ltr'>Atticae</span> <span class='ocrx_word' id='word_1_38' title='bbox 1028 1133 1196 1218; x_wconf 82' lang='lat' dir='ltr'>elegantiae</span> <span class='ocrx_word' id='word_1_39' title='bbox 1232 1143 1278 1198; x_wconf 83' lang='lat' dir='ltr'><strong><em>est</em></strong></span> 
     </span>
     <span class='ocr_line' id='line_1_7' title="bbox 159 1243 1280 1334; baseline 0.005 -26"><span class='ocrx_word' id='word_1_40' title='bbox 159 1244 310 1308; x_wconf 82' lang='lat' dir='ltr'>Genetiva</span> <span class='ocrx_word' id='word_1_41' title='bbox 332 1244 472 1308; x_wconf 88' lang='lat' dir='ltr'>absoluto</span> <span class='ocrx_word' id='word_1_42' title='bbox 495 1243 668 1309; x_wconf 88' lang='lat' dir='ltr'>subiectum</span> <span class='ocrx_word' id='word_1_43' title='bbox 684 1268 746 1310; x_wconf 92' lang='lat' dir='ltr'><strong><em>non</em></strong></span> <span class='ocrx_word' id='word_1_44' title='bbox 763 1246 889 1326; x_wconf 82' lang='lat' dir='ltr'>addere,</span> <span class='ocrx_word' id='word_1_45' title='bbox 907 1247 960 1313; x_wconf 91' lang='lat' dir='ltr'>nbi</span> <span class='ocrx_word' id='word_1_46' title='bbox 977 1255 1087 1334; x_wconf 89' lang='lat' dir='ltr'>sponte</span> <span class='ocrx_word' id='word_1_47' title='bbox 1103 1271 1119 1312; x_wconf 90' lang='lat' dir='ltr'>e</span> <span class='ocrx_word' id='word_1_48' title='bbox 1135 1256 1280 1314; x_wconf 82' lang='lat' dir='ltr'>contextu</span> 
     </span>
     <span class='ocr_line' id='line_1_8' title="bbox 157 1356 1280 1448; baseline 0.008 -25"><span class='ocrx_word' id='word_1_49' title='bbox 157 1357 354 1442; x_wconf 77' lang='lat' dir='ltr'>intelligitur.</span> <span class='ocrx_word' id='word_1_50' title='bbox 389 1356 437 1423; x_wconf 80' lang='lat' dir='ltr'><strong><em>Of.</em></strong></span> <span class='ocrx_word' id='word_1_51' title='bbox 472 1380 562 1442; x_wconf 88' lang='lat' dir='ltr'>supra</span> <span class='ocrx_word' id='word_1_52' title='bbox 598 1362 638 1425; x_wconf 89' lang='grc'><strong><em>67</em></strong></span> <span class='ocrx_word' id='word_1_53' title='bbox 671 1360 751 1426; x_wconf 88' lang='lat' dir='ltr'>med.</span> <span class='ocrx_word' id='word_1_54' title='bbox 785 1368 841 1428; x_wconf 79' lang='grc' dir='ltr'><strong><em>καὶ</em></strong></span> <span class='ocrx_word' id='word_1_55' title='bbox 869 1371 940 1431; x_wconf 89' lang='grc' dir='ltr'><strong><em>τότε</em></strong></span> <span class='ocrx_word' id='word_1_56' title='bbox 965 1370 1043 1448; x_wconf 87' lang='grc' dir='ltr'><strong><em>πρός</em></strong></span> <span class='ocrx_word' id='word_1_57' title='bbox 1068 1373 1139 1442; x_wconf 81' lang='grc' dir='ltr'><strong><em>ταῖς</em></strong></span> <span class='ocrx_word' id='word_1_58' title='bbox 1162 1367 1280 1442; x_wconf 74' lang='grc' dir='ltr'><strong><em>πάλαις</em></strong></span> 
     </span>
     <span class='ocr_line' id='line_1_9' title="bbox 157 1474 1280 1563; baseline 0.001 -21"><span class='ocrx_word' id='word_1_59' title='bbox 157 1477 220 1561; x_wconf 78' lang='grc' dir='ltr'><strong><em>ἤδη</em></strong></span> <span class='ocrx_word' id='word_1_60' title='bbox 247 1474 285 1560; x_wconf 74' lang='grc' dir='ltr'><strong><em>ἦν</em></strong></span> <span class='ocrx_word' id='word_1_61' title='bbox 313 1486 333 1560; x_wconf 83' lang='grc' dir='ltr'><em>ἡ</em></span> <span class='ocrx_word' id='word_1_62' title='bbox 362 1478 472 1560; x_wconf 79' lang='grc' dir='ltr'><strong><em>ἅμαξα</em></strong></span> <span class='ocrx_word' id='word_1_63' title='bbox 497 1481 550 1542; x_wconf 79' lang='grc' dir='ltr'><strong><em>καὶ</em></strong></span> <span class='ocrx_word' id='word_1_64' title='bbox 579 1479 868 1563; x_wconf 70' lang='grc' dir='ltr'><strong><em>ἀνοιχθεισῶν</em></strong></span> <span class='ocrx_word' id='word_1_65' title='bbox 897 1487 960 1546; x_wconf 84' lang='grc' dir='ltr'><strong><em>κτέ.</em></strong></span> <span class='ocrx_word' id='word_1_66' title='bbox 1008 1478 1116 1562; x_wconf 84' lang='lat' dir='ltr'>Neque</span> <span class='ocrx_word' id='word_1_67' title='bbox 1140 1479 1280 1562; x_wconf 83' lang='lat' dir='ltr'>agnoscit</span> 
     </span>
     <span class='ocr_line' id='line_1_10' title="bbox 159 1589 1279 1678; baseline 0.005 -24"><span class='ocrx_word' id='word_1_68' title='bbox 159 1613 194 1654; x_wconf 90' lang='lat' dir='ltr'>ea</span> <span class='ocrx_word' id='word_1_69' title='bbox 217 1589 363 1654; x_wconf 86' lang='lat' dir='ltr'>vocabula</span> <span class='ocrx_word' id='word_1_70' title='bbox 387 1589 495 1654; x_wconf 84' lang='lat' dir='ltr'>Suidas</span> <span class='ocrx_word' id='word_1_71' title='bbox 519 1589 537 1654; x_wconf 85' lang='lat' dir='ltr'><strong><em>i.</em></strong></span> <span class='ocrx_word' id='word_1_72' title='bbox 565 1612 592 1656; x_wconf 88' lang='lat' dir='ltr'><strong><em>v.</em></strong></span> <span class='ocrx_word' id='word_1_73' title='bbox 612 1594 803 1676; x_wconf 75' lang='grc' dir='ltr'><strong><em>πράξαντες.</em></strong></span> <span class='ocrx_word' id='word_1_74' title='bbox 849 1591 924 1656; x_wconf 82' lang='lat' dir='ltr'><strong><em>Mox</em></strong></span> <span class='ocrx_word' id='word_1_75' title='bbox 949 1590 1076 1657; x_wconf 87' lang='lat' dir='ltr'>scribam</span> <span class='ocrx_word' id='word_1_76' title='bbox 1098 1600 1160 1678; x_wconf 80' lang='grc' dir='ltr'><strong><em>τὴν</em></strong></span> <span class='ocrx_word' id='word_1_77' title='bbox 1178 1597 1279 1661; x_wconf 77' lang='grc' dir='ltr'><strong><em>νυκτα</em></strong></span> 
     </span>
     <span class='ocr_line' id='line_1_11' title="bbox 159 1707 1282 1796; baseline -0.003 -22"><span class='ocrx_word' id='word_1_78' title='bbox 159 1712 366 1792; x_wconf 86' lang='grc' dir='ltr'><strong><em>πορευόμενοι</em></strong></span> <span class='ocrx_word' id='word_1_79' title='bbox 387 1715 577 1793; x_wconf 78' lang='grc' dir='ltr'><strong><em>παρῇσαν.</em></strong></span> <span class='ocrx_word' id='word_1_80' title='bbox 597 1727 664 1770; x_wconf 90' lang='lat' dir='ltr'><strong><em>nam</em></strong></span> <span class='ocrx_word' id='word_1_81' title='bbox 682 1729 779 1791; x_wconf 87' lang='lat' dir='ltr'>neque</span> <span class='ocrx_word' id='word_1_82' title='bbox 793 1707 849 1770; x_wconf 89' lang='lat' dir='ltr'>iter</span> <span class='ocrx_word' id='word_1_83' title='bbox 865 1707 1010 1772; x_wconf 82' lang='lat' dir='ltr'>facientes</span> <span class='ocrx_word' id='word_1_84' title='bbox 1029 1717 1180 1796; x_wconf 79' lang='grc' dir='ltr'><strong><em>παρεῖναι</em></strong></span> <span class='ocrx_word' id='word_1_85' title='bbox 1198 1714 1282 1792; x_wconf 88' lang='lat' dir='ltr'>pote·</span> 
     </span>
     <span class='ocr_line' id='line_1_12' title="bbox 158 1821 1280 1918; baseline 0.002 -32"><span class='ocrx_word' id='word_1_86' title='bbox 158 1827 241 1899; x_wconf 87' lang='lat' dir='ltr'>rant,</span> <span class='ocrx_word' id='word_1_87' title='bbox 264 1843 362 1904; x_wconf 90' lang='lat' dir='ltr'>neque</span> <span class='ocrx_word' id='word_1_88' title='bbox 384 1821 428 1886; x_wconf 90' lang='lat' dir='ltr'>ita</span> <span class='ocrx_word' id='word_1_89' title='bbox 443 1821 559 1898; x_wconf 17' lang='lat' dir='ltr'>»deinde</span> <span class='ocrx_word' id='word_1_90' title='bbox 575 1843 653 1906; x_wconf 89' lang='lat' dir='ltr'>opus</span> <span class='ocrx_word' id='word_1_91' title='bbox 669 1821 767 1886; x_wconf 87' lang='lat' dir='ltr'>lucrat</span> <span class='ocrx_word' id='word_1_92' title='bbox 788 1821 901 1898; x_wconf 80' lang='lat' dir='ltr'>addere</span> <span class='ocrx_word' id='word_1_93' title='bbox 912 1829 991 1918; x_wconf 72' lang='grc' dir='ltr'><strong><em>ικαὶ</em></strong></span> <span class='ocrx_word' id='word_1_94' title='bbox 1010 1828 1114 1891; x_wconf 84' lang='grc' dir='ltr'><strong><em>ὄντων</em></strong></span> <span class='ocrx_word' id='word_1_95' title='bbox 1132 1823 1193 1909; x_wconf 77' lang='grc' dir='ltr'><strong><em>ἤδη</em></strong></span> <span class='ocrx_word' id='word_1_96' title='bbox 1210 1829 1280 1907; x_wconf 74' lang='grc' dir='ltr'><strong><em>περὶ</em></strong></span> 
     </span>
     <span class='ocr_line' id='line_1_13' title="bbox 159 1938 357 2014; baseline -0.025 -10"><span class='ocrx_word' id='word_1_97' title='bbox 159 1943 216 2014; x_wconf 85' lang='grc' dir='ltr'><strong><em>τάς</em></strong></span> <span class='ocrx_word' id='word_1_98' title='bbox 240 1938 357 2012; x_wconf 74' lang='grc' dir='ltr'><strong><em>πάλας.</em></strong></span> 
     </span>
    </p>

    <p class='ocr_par' dir='ltr' id='par_1_4' title="bbox 160 2047 1284 2482">
     <span class='ocr_line' id='line_1_14' title="bbox 204 2047 1282 2140; baseline -0.002 -25"><span class='ocrx_word' id='word_1_99' title='bbox 204 2050 278 2136; x_wconf 82' lang='lat' dir='ltr'>Gap.</span> <span class='ocrx_word' id='word_1_100' title='bbox 316 2053 357 2116; x_wconf 91' lang='grc'><strong><em>70</em></strong></span> <span class='ocrx_word' id='word_1_101' title='bbox 388 2051 409 2134; x_wconf 63' lang='grc' dir='ltr'><strong><em>’ᾧ</em></strong></span> <span class='ocrx_word' id='word_1_102' title='bbox 446 2054 464 2115; x_wconf 79' lang='grc' dir='ltr'><strong><em>λ</em></strong></span> <span class='ocrx_word' id='word_1_103' title='bbox 500 2047 625 2135; x_wconf 83' lang='lat' dir='ltr'>supple:</span> <span class='ocrx_word' id='word_1_104' title='bbox 656 2057 699 2129; x_wconf 81' lang='grc' dir='ltr'><strong><em>ὡς</em></strong></span> <span class='ocrx_word' id='word_1_105' title='bbox 729 2049 912 2140; x_wconf 76' lang='grc' dir='ltr'><strong><em>δ’ἐπυθετο</em></strong></span> <span class='ocrx_word' id='word_1_106' title='bbox 942 2051 998 2134; x_wconf 85' lang='grc' dir='ltr'><strong><em>(τό</em></strong></span> <span class='ocrx_word' id='word_1_107' title='bbox 1031 2055 1080 2132; x_wconf 79' lang='grc' dir='ltr'><strong><em>όν)</em></strong></span> <span class='ocrx_word' id='word_1_108' title='bbox 1101 2057 1166 2118; x_wconf 84' lang='grc' dir='ltr'><strong><em>ιιτὲ.</em></strong></span> <span class='ocrx_word' id='word_1_109' title='bbox 1210 2047 1282 2114; x_wconf 89' lang='lat' dir='ltr'>Non</span> 
     </span>
     <span class='ocr_line' id='line_1_15' title="bbox 160 2164 1284 2249; baseline -0.002 -19"><span class='ocrx_word' id='word_1_110' title='bbox 160 2167 239 2230; x_wconf 92' lang='lat' dir='ltr'>enim</span> <span class='ocrx_word' id='word_1_111' title='bbox 275 2165 348 2230; x_wconf 90' lang='lat' dir='ltr'>licet</span> <span class='ocrx_word' id='word_1_112' title='bbox 382 2187 419 2230; x_wconf 86' lang='lat' dir='ltr'><strong><em>ex</em></strong></span> <span class='ocrx_word' id='word_1_113' title='bbox 450 2168 630 2242; x_wconf 77' lang='grc' dir='ltr'><strong><em>ἀνάλωτον,</em></strong></span> <span class='ocrx_word' id='word_1_114' title='bbox 669 2172 703 2229; x_wconf 85' lang='lat' dir='ltr'><strong><em>ot</em></strong></span> <span class='ocrx_word' id='word_1_115' title='bbox 735 2164 865 2248; x_wconf 87' lang='lat' dir='ltr'>quidam.</span> <span class='ocrx_word' id='word_1_116' title='bbox 881 2165 1063 2249; x_wconf 90' lang='lat' dir='ltr'>opinantur,</span> <span class='ocrx_word' id='word_1_117' title='bbox 1089 2171 1190 2229; x_wconf 92' lang='lat' dir='ltr'>mente</span> <span class='ocrx_word' id='word_1_118' title='bbox 1214 2186 1284 2249; x_wconf 90' lang='lat' dir='ltr'>sup·</span> 
     </span>
     <span class='ocr_line' id='line_1_16' title="bbox 160 2277 1283 2374; baseline -0.002 -30"><span class='ocrx_word' id='word_1_119' title='bbox 160 2281 241 2365; x_wconf 88' lang='lat' dir='ltr'>plera</span> <span class='ocrx_word' id='word_1_120' title='bbox 265 2280 364 2364; x_wconf 88' lang='lat' dir='ltr'>ipsum</span> <span class='ocrx_word' id='word_1_121' title='bbox 389 2279 573 2374; x_wconf 85' lang='lat' dir='ltr'>contrarium</span> <span class='ocrx_word' id='word_1_122' title='bbox 595 2280 734 2350; x_wconf 83' lang='grc' dir='ltr'><strong><em>ἁλῶναι.</em></strong></span> <span class='ocrx_word' id='word_1_123' title='bbox 777 2277 822 2344; x_wconf 82' lang='lat' dir='ltr'><strong><em>uf.</em></strong></span> <span class='ocrx_word' id='word_1_124' title='bbox 847 2278 1018 2363; x_wconf 89' lang='lat' dir='ltr'>Xenophon</span> <span class='ocrx_word' id='word_1_125' title='bbox 1041 2279 1074 2342; x_wconf 93' lang='lat' dir='ltr'>in</span> <span class='ocrx_word' id='word_1_126' title='bbox 1098 2277 1283 2364; x_wconf 82' lang='lat' dir='ltr'>Cyropaedia</span> 
     </span>
     <span class='ocr_line' id='line_1_17' title="bbox 161 2395 1244 2482; baseline 0 -23"><span class='ocrx_word' id='word_1_127' title='bbox 161 2395 331 2480; x_wconf 67' lang='grc' dir='ltr'><strong><em>74ό7</em></strong></span> <span class='ocrx_word' id='word_1_128' title='bbox 1242 2477 1244 2482; x_wconf 10' lang='grc' dir='ltr'><strong>λ</strong></span> 
     </span>
    </p>

    <p class='ocr_par' dir='ltr' id='par_1_5' title="bbox 162 2507 1286 2826">
     <span class='ocr_line' id='line_1_18' title="bbox 205 2507 1285 2598; baseline 0.002 -24"><span class='ocrx_word' id='word_1_129' title='bbox 205 2509 279 2595; x_wconf 85' lang='lat' dir='ltr'>Cap.</span> <span class='ocrx_word' id='word_1_130' title='bbox 305 2514 346 2575; x_wconf 76' lang='lat'><strong><em>72</em></strong></span> <span class='ocrx_word' id='word_1_131' title='bbox 371 2513 388 2593; x_wconf 68' lang='lat' dir='ltr'>p</span> <span class='ocrx_word' id='word_1_132' title='bbox 413 2513 441 2575; x_wconf 90' lang='lat'><strong><em>3.</em></strong></span> <span class='ocrx_word' id='word_1_133' title='bbox 467 2548 510 2558; x_wconf 90' lang='lat'>-</span> <span class='ocrx_word' id='word_1_134' title='bbox 536 2511 574 2577; x_wconf 81' lang='grc' dir='ltr'><strong><em>οὐ</em></strong></span> <span class='ocrx_word' id='word_1_135' title='bbox 597 2510 737 2587; x_wconf 80' lang='grc' dir='ltr'><strong><em>πολλοός</em></strong></span> <span class='ocrx_word' id='word_1_136' title='bbox 761 2548 806 2558; x_wconf 85' lang='grc'><strong><em>-</em></strong></span> <span class='ocrx_word' id='word_1_137' title='bbox 827 2511 1105 2596; x_wconf 87' lang='grc' dir='ltr'><strong><em>προσελάσαντες</em></strong></span> <span class='ocrx_word' id='word_1_138' title='bbox 1128 2515 1159 2578; x_wconf 85' lang='grc' dir='ltr'><strong><em>οἱ</em></strong></span> <span class='ocrx_word' id='word_1_139' title='bbox 1173 2507 1285 2598; x_wconf 80' lang='grc' dir='ltr'><strong><em>Ἀθη-</em></strong></span> 
     </span>
     <span class='ocr_line' id='line_1_19' title="bbox 162 2624 1286 2712; baseline -0.004 -16"><span class='ocrx_word' id='word_1_140' title='bbox 162 2636 246 2696; x_wconf 86' lang='grc' dir='ltr'><strong><em>νοῖοι</em></strong></span> <span class='ocrx_word' id='word_1_141' title='bbox 275 2631 344 2692; x_wconf 81' lang='grc' dir='ltr'><strong><em>καὶ</em></strong></span> <span class='ocrx_word' id='word_1_142' title='bbox 368 2629 622 2704; x_wconf 70' lang='grc' dir='ltr'><strong><em>ἀποκτείναντες</em></strong></span> <span class='ocrx_word' id='word_1_143' title='bbox 643 2626 847 2693; x_wconf 66' lang='grc' dir='ltr'><strong><em>ἐσκύλευσαν,</em></strong></span> <span class='ocrx_word' id='word_1_144' title='bbox 895 2624 1053 2709; x_wconf 83' lang='lat' dir='ltr'>Rescripto</span> <span class='ocrx_word' id='word_1_145' title='bbox 1069 2627 1286 2712; x_wconf 87' lang='grc' dir='ltr'><strong><em>προσελάσαν-</em></strong></span> 
     </span>
     <span class='ocr_line' id='line_1_20' title="bbox 162 2739 1286 2826; baseline -0.002 -19"><span class='ocrx_word' id='word_1_146' title='bbox 162 2767 221 2816; x_wconf 92' lang='grc' dir='ltr'><strong><em>τας</em></strong></span> <span class='ocrx_word' id='word_1_147' title='bbox 246 2739 347 2823; x_wconf 83' lang='lat' dir='ltr'>(Valla</span> <span class='ocrx_word' id='word_1_148' title='bbox 369 2739 538 2826; x_wconf 74' lang='lat' dir='ltr'>profectos)</span> <span class='ocrx_word' id='word_1_149' title='bbox 564 2739 631 2804; x_wconf 89' lang='lat' dir='ltr'>dele</span> <span class='ocrx_word' id='word_1_150' title='bbox 655 2739 800 2824; x_wconf 91' lang='lat' dir='ltr'>copulam.</span> <span class='ocrx_word' id='word_1_151' title='bbox 849 2739 983 2804; x_wconf 79' lang='lat' dir='ltr'>Eandem</span> <span class='ocrx_word' id='word_1_152' title='bbox 1003 2745 1173 2824; x_wconf 83' lang='lat' dir='ltr'>suspectam</span> <span class='ocrx_word' id='word_1_153' title='bbox 1189 2739 1286 2805; x_wconf 90' lang='lat' dir='ltr'>habeo</span> 
     </span>
    </p>
   </div>
   <div class='ocr_carea' id='block_1_3' title="bbox 163 2852 1397 2942">
    <p class='ocr_par' dir='ltr' id='par_1_6' title="bbox 163 2852 1397 2942">
     <span class='ocr_line' id='line_1_21' title="bbox 163 2852 1397 2942; baseline 0.007 -23"><span class='ocrx_word' id='word_1_154' title='bbox 163 2877 228 2940; x_wconf 86' lang='lat' dir='ltr'>cap.</span> <span class='ocrx_word' id='word_1_155' title='bbox 255 2854 296 2920; x_wconf 85' lang='grc'><strong><em>73</em></strong></span> <span class='ocrx_word' id='word_1_156' title='bbox 320 2856 337 2937; x_wconf 62' lang='grc' dir='ltr'>ᾧ</span> <span class='ocrx_word' id='word_1_157' title='bbox 361 2857 382 2919; x_wconf 86' lang='grc'>4</span> <span class='ocrx_word' id='word_1_158' title='bbox 405 2853 437 2917; x_wconf 91' lang='lat' dir='ltr'>in</span> <span class='ocrx_word' id='word_1_159' title='bbox 462 2852 578 2918; x_wconf 87' lang='lat' dir='ltr'>verbis:</span> <span class='ocrx_word' id='word_1_160' title='bbox 607 2860 721 2942; x_wconf 89' lang='grc' dir='ltr'><strong><em>χρόνον</em></strong></span> <span class='ocrx_word' id='word_1_161' title='bbox 747 2855 776 2920; x_wconf 81' lang='grc' dir='ltr'><strong><em>δ’</em></strong></span> <span class='ocrx_word' id='word_1_162' title='bbox 801 2861 986 2942; x_wconf 79' lang='grc' dir='ltr'><strong><em>ἐπισχόντες</em></strong></span> <span class='ocrx_word' id='word_1_163' title='bbox 1013 2854 1098 2940; x_wconf 73' lang='grc' dir='ltr'><strong><em>[καὶ]</em></strong></span> <span class='ocrx_word' id='word_1_164' title='bbox 1124 2862 1167 2935; x_wconf 83' lang='grc' dir='ltr'><strong><em>ώς</em></strong></span> <span class='ocrx_word' id='word_1_165' title='bbox 1191 2860 1286 2927; x_wconf 77' lang='grc' dir='ltr'><strong><em>οὐδὲν</em></strong></span> <span class='ocrx_word' id='word_1_166' title='bbox 1395 2852 1397 2858; x_wconf 46' lang='grc'><strong>’</strong></span> 
     </span>
    </p>
   </div>
   <div class='ocr_carea' id='block_1_4' title="bbox 162 2969 1358 4667">
    <p class='ocr_par' dir='ltr' id='par_1_7' title="bbox 162 2969 1286 3288">
     <span class='ocr_line' id='line_1_22' title="bbox 162 2969 1285 3059; baseline 0.004 -23"><span class='ocrx_word' id='word_1_167' title='bbox 162 2972 218 3053; x_wconf 74' lang='grc' dir='ltr'><strong><em>ἀφ’</em></strong></span> <span class='ocrx_word' id='word_1_168' title='bbox 243 2972 403 3054; x_wconf 76' lang='grc' dir='ltr'><strong><em>ἑκατέρων</em></strong></span> <span class='ocrx_word' id='word_1_169' title='bbox 429 2975 637 3057; x_wconf 75' lang='grc' dir='ltr'><strong><em>ἐπεχειρεῖτο,</em></strong></span> <span class='ocrx_word' id='word_1_170' title='bbox 658 2969 810 3053; x_wconf 72' lang='grc' dir='ltr'><strong><em>ἀπῆλθον</em></strong></span> <span class='ocrx_word' id='word_1_171' title='bbox 835 2976 1003 3056; x_wconf 83' lang='grc' dir='ltr'><strong><em>πρότεροι</em></strong></span> <span class='ocrx_word' id='word_1_172' title='bbox 1029 2970 1096 3054; x_wconf 85' lang='lat' dir='ltr'>(pro</span> <span class='ocrx_word' id='word_1_173' title='bbox 1118 2975 1285 3059; x_wconf 79' lang='grc' dir='ltr'><strong><em>πρότερον)</em></strong></span> 
     </span>
     <span class='ocr_line' id='line_1_23' title="bbox 164 3081 1286 3170; baseline 0.003 -18"><span class='ocrx_word' id='word_1_174' title='bbox 164 3088 196 3152; x_wconf 78' lang='grc' dir='ltr'><strong><em>οἱ</em></strong></span> <span class='ocrx_word' id='word_1_175' title='bbox 218 3085 400 3170; x_wconf 81' lang='grc' dir='ltr'><strong><em>Ἀθηναῖοι</em></strong></span> <span class='ocrx_word' id='word_1_176' title='bbox 423 3090 485 3150; x_wconf 83' lang='grc' dir='ltr'><strong><em>κτὲ.</em></strong></span> <span class='ocrx_word' id='word_1_177' title='bbox 535 3081 645 3146; x_wconf 82' lang='lat' dir='ltr'>Paucis</span> <span class='ocrx_word' id='word_1_178' title='bbox 668 3081 859 3168; x_wconf 90' lang='lat' dir='ltr'>interpositis</span> <span class='ocrx_word' id='word_1_179' title='bbox 883 3091 964 3148; x_wconf 86' lang='lat' dir='ltr'>recte</span> <span class='ocrx_word' id='word_1_180' title='bbox 987 3083 1052 3151; x_wconf 91' lang='lat' dir='ltr'>cod.</span> <span class='ocrx_word' id='word_1_181' title='bbox 1077 3083 1195 3149; x_wconf 87' lang='lat' dir='ltr'>Italus:</span> <span class='ocrx_word' id='word_1_182' title='bbox 1222 3093 1286 3156; x_wconf 82' lang='grc' dir='ltr'><strong><em>τῶν</em></strong></span> 
     </span>
     <span class='ocr_line' id='line_1_24' title="bbox 165 3196 1152 3288; baseline -0.002 -22"><span class='ocrx_word' id='word_1_183' title='bbox 165 3196 363 3284; x_wconf 81' lang='grc' dir='ltr'><strong><em>Ἀθηναίων</em></strong></span> <span class='ocrx_word' id='word_1_184' title='bbox 389 3199 461 3264; x_wconf 78' lang='grc' dir='ltr'><strong><em>οὐκ</em></strong></span> <span class='ocrx_word' id='word_1_185' title='bbox 487 3199 553 3282; x_wconf 86' lang='lat' dir='ltr'>(pro</span> <span class='ocrx_word' id='word_1_186' title='bbox 577 3199 702 3273; x_wconf 76' lang='grc' dir='ltr'><strong><em>οὐκέτι)</em></strong></span> <span class='ocrx_word' id='word_1_187' title='bbox 728 3199 955 3285; x_wconf 76' lang='grc' dir='ltr'><strong><em>ἐθελησάντων</em></strong></span> <span class='ocrx_word' id='word_1_188' title='bbox 978 3208 1152 3288; x_wconf 79' lang='grc' dir='ltr'><strong><em>μάχεσθαι.</em></strong></span> 
     </span>
    </p>

    <p class='ocr_par' dir='ltr' id='par_1_8' title="bbox 164 3311 1290 4435">
     <span class='ocr_line' id='line_1_25' title="bbox 209 3311 1289 3402; baseline 0.006 -26"><span class='ocrx_word' id='word_1_189' title='bbox 209 3312 282 3398; x_wconf 85' lang='lat' dir='ltr'>Cap.</span> <span class='ocrx_word' id='word_1_190' title='bbox 308 3316 359 3378; x_wconf 87' lang='grc'><strong><em>73.</em></strong></span> <span class='ocrx_word' id='word_1_191' title='bbox 382 3311 497 3377; x_wconf 81' lang='lat' dir='ltr'>Locum</span> <span class='ocrx_word' id='word_1_192' title='bbox 517 3312 736 3377; x_wconf 89' lang='lat' dir='ltr'>conclamatum</span> <span class='ocrx_word' id='word_1_193' title='bbox 750 3313 793 3377; x_wconf 88' lang='lat' dir='ltr'><strong><em>sic</em></strong></span> <span class='ocrx_word' id='word_1_194' title='bbox 805 3312 975 3378; x_wconf 84' lang='lat' dir='ltr'>tentabam:</span> <span class='ocrx_word' id='word_1_195' title='bbox 991 3323 1059 3389; x_wconf 85' lang='grc' dir='ltr'><strong><em>τοῖς</em></strong></span> <span class='ocrx_word' id='word_1_196' title='bbox 1073 3315 1107 3380; x_wconf 75' lang='lat' dir='ltr'><strong><em>da*</em></strong></span> <span class='ocrx_word' id='word_1_197' title='bbox 1120 3318 1289 3402; x_wconf 81' lang='grc' dir='ltr'><strong><em>ξυμπάσης</em></strong></span> 
     </span>
     <span class='ocr_line' id='line_1_26' title="bbox 164 3427 1289 3514; baseline -0.004 -17"><span class='ocrx_word' id='word_1_198' title='bbox 164 3439 220 3512; x_wconf 77' lang='grc' dir='ltr'><strong><em>τῆς</em></strong></span> <span class='ocrx_word' id='word_1_199' title='bbox 238 3431 402 3514; x_wconf 79' lang='grc' dir='ltr'><strong><em>δυνάμεως</em></strong></span> <span class='ocrx_word' id='word_1_200' title='bbox 417 3428 484 3494; x_wconf 83' lang='grc' dir='ltr'><strong><em>σ’λί</em></strong></span> <span class='ocrx_word' id='word_1_201' title='bbox 493 3456 575 3510; x_wconf 75' lang='grc' dir='ltr'><strong><em>μων</em></strong></span> <span class='ocrx_word' id='word_1_202' title='bbox 594 3431 677 3511; x_wconf 91' lang='lat' dir='ltr'>(curn</span> <span class='ocrx_word' id='word_1_203' title='bbox 694 3427 906 3512; x_wconf 91' lang='lat' dir='ltr'>Popponepro</span> <span class='ocrx_word' id='word_1_204' title='bbox 924 3435 992 3494; x_wconf 84' lang='grc' dir='ltr'><strong><em>καὶ</em></strong></span> <span class='ocrx_word' id='word_1_205' title='bbox 1010 3435 1101 3508; x_wconf 84' lang='grc' dir='ltr'><strong><em>τῶν,</em></strong></span> <span class='ocrx_word' id='word_1_206' title='bbox 1119 3428 1156 3492; x_wconf 90' lang='lat' dir='ltr'><strong><em>ol.</em></strong></span> <span class='ocrx_word' id='word_1_207' title='bbox 1174 3428 1289 3514; x_wconf 85' lang='lat' dir='ltr'>Schol.)</span> 
     </span>
     <span class='ocr_line' id='line_1_27' title="bbox 164 3544 1289 3632; baseline -0.008 -18"><span class='ocrx_word' id='word_1_208' title='bbox 164 3553 336 3632; x_wconf 82' lang='grc' dir='ltr'><strong><em>παρόντων</em></strong></span> <span class='ocrx_word' id='word_1_209' title='bbox 372 3544 465 3631; x_wconf 80' lang='grc' dir='ltr'><strong><em>μέρος</em></strong></span> <span class='ocrx_word' id='word_1_210' title='bbox 501 3544 638 3611; x_wconf 73' lang='grc' dir='ltr'><strong><em>ἕκαστον</em></strong></span> <span class='ocrx_word' id='word_1_211' title='bbox 674 3545 877 3611; x_wconf 71' lang='grc' dir='ltr'><strong><em>κινδυνεύειν</em></strong></span> <span class='ocrx_word' id='word_1_212' title='bbox 912 3549 1041 3620; x_wconf 84' lang='grc' dir='ltr'><strong><em>εἰκότως</em></strong></span> <span class='ocrx_word' id='word_1_213' title='bbox 1069 3545 1186 3630; x_wconf 80' lang='grc' dir='ltr'><strong><em>ἐχειν</em></strong></span> <span class='ocrx_word' id='word_1_214' title='bbox 1222 3546 1289 3626; x_wconf 86' lang='lat' dir='ltr'>(pro</span> 
     </span>
     <span class='ocr_line' id='line_1_28' title="bbox 166 3656 1288 3743; baseline -0.003 -17"><span class='ocrx_word' id='word_1_215' title='bbox 166 3660 306 3743; x_wconf 79' lang='grc' dir='ltr'><strong><em>ἐθέλειν)</em></strong></span> <span class='ocrx_word' id='word_1_216' title='bbox 342 3659 475 3742; x_wconf 87' lang='grc' dir='ltr'><strong><em>τολμᾶν.</em></strong></span> <span class='ocrx_word' id='word_1_217' title='bbox 510 3657 592 3720; x_wconf 88' lang='lat' dir='ltr'>Loco</span> <span class='ocrx_word' id='word_1_218' title='bbox 615 3656 670 3720; x_wconf 88' lang='grc' dir='ltr'><strong><em>ΠΙ</em></strong></span> <span class='ocrx_word' id='word_1_219' title='bbox 695 3659 735 3722; x_wconf 88' lang='grc'><strong><em>36</em></strong></span> <span class='ocrx_word' id='word_1_220' title='bbox 762 3656 903 3721; x_wconf 89' lang='lat' dir='ltr'>similiter</span> <span class='ocrx_word' id='word_1_221' title='bbox 925 3657 1065 3740; x_wconf 83' lang='lat' dir='ltr'>iungitur</span> <span class='ocrx_word' id='word_1_222' title='bbox 1089 3657 1288 3739; x_wconf 80' lang='grc' dir='ltr'><strong><em>τολμησασαι</em></strong></span> 
     </span>
     <span class='ocr_line' id='line_1_29' title="bbox 165 3751 1288 3859; baseline -0.008 -18"><span class='ocrx_word' id='word_1_223' title='bbox 165 3775 476 3858; x_wconf 79' lang='grc' dir='ltr'><strong><em>παρακινδυνεῦσαι.</em></strong></span> <span class='ocrx_word' id='word_1_224' title='bbox 501 3772 561 3836; x_wconf 90' lang='lat' dir='ltr'><strong><em>Pro</em></strong></span> <span class='ocrx_word' id='word_1_225' title='bbox 586 3777 668 3850; x_wconf 84' lang='grc' dir='ltr'><strong><em>εἰκός</em></strong></span> <span class='ocrx_word' id='word_1_226' title='bbox 689 3770 774 3841; x_wconf 81' lang='grc' dir='ltr'><strong><em>εἶναι</em></strong></span> <span class='ocrx_word' id='word_1_227' title='bbox 795 3779 878 3836; x_wconf 86' lang='lat' dir='ltr'>recte</span> <span class='ocrx_word' id='word_1_228' title='bbox 897 3771 956 3835; x_wconf 89' lang='lat' dir='ltr'>dici</span> <span class='ocrx_word' id='word_1_229' title='bbox 978 3751 1106 3849; x_wconf 84' lang='grc' dir='ltr'><strong><em>εἷκότως</em></strong></span> <span class='ocrx_word' id='word_1_230' title='bbox 1122 3775 1208 3859; x_wconf 81' lang='grc' dir='ltr'><strong><em>ἐχειν</em></strong></span> <span class='ocrx_word' id='word_1_231' title='bbox 1226 3791 1288 3833; x_wconf 91' lang='lat' dir='ltr'><strong><em>non</em></strong></span> 
     </span>
     <span class='ocr_line' id='line_1_30' title="bbox 165 3885 1288 3972; baseline -0.002 -20"><span class='ocrx_word' id='word_1_232' title='bbox 165 3893 212 3952; x_wconf 92' lang='lat' dir='ltr'><strong><em>est</em></strong></span> <span class='ocrx_word' id='word_1_233' title='bbox 234 3887 314 3972; x_wconf 89' lang='lat' dir='ltr'>quod</span> <span class='ocrx_word' id='word_1_234' title='bbox 338 3887 524 3952; x_wconf 86' lang='lat' dir='ltr'>dubitemus.</span> <span class='ocrx_word' id='word_1_235' title='bbox 572 3885 666 3951; x_wconf 91' lang='lat' dir='ltr'>Nunc</span> <span class='ocrx_word' id='word_1_236' title='bbox 688 3894 789 3952; x_wconf 87' lang='lat' dir='ltr'>tamen</span> <span class='ocrx_word' id='word_1_237' title='bbox 814 3894 850 3951; x_wconf 89' lang='lat' dir='ltr'><strong><em>ut</em></strong></span> <span class='ocrx_word' id='word_1_238' title='bbox 871 3886 970 3951; x_wconf 90' lang='lat' dir='ltr'>lenius</span> <span class='ocrx_word' id='word_1_239' title='bbox 990 3885 1138 3971; x_wconf 86' lang='lat' dir='ltr'>praefero:</span> <span class='ocrx_word' id='word_1_240' title='bbox 1167 3895 1234 3960; x_wconf 84' lang='grc' dir='ltr'><strong><em>τοῖς</em></strong></span> <span class='ocrx_word' id='word_1_241' title='bbox 1255 3885 1288 3951; x_wconf 80' lang='grc' dir='ltr'><strong><em>δὲ</em></strong></span> 
     </span>
     <span class='ocr_line' id='line_1_31' title="bbox 167 4003 1289 4090; baseline 0.001 -21"><span class='ocrx_word' id='word_1_242' title='bbox 167 4004 270 4088; x_wconf 76' lang='grc' dir='ltr'><strong><em>(ἀντὶ)</em></strong></span> <span class='ocrx_word' id='word_1_243' title='bbox 290 4005 456 4090; x_wconf 84' lang='grc' dir='ltr'><strong><em>ξυμπάσης</em></strong></span> <span class='ocrx_word' id='word_1_244' title='bbox 480 4015 535 4088; x_wconf 77' lang='grc' dir='ltr'><strong><em>τῆς</em></strong></span> <span class='ocrx_word' id='word_1_245' title='bbox 559 4005 722 4087; x_wconf 79' lang='grc' dir='ltr'><strong><em>δυνάμεως</em></strong></span> <span class='ocrx_word' id='word_1_246' title='bbox 744 4010 809 4071; x_wconf 83' lang='grc' dir='ltr'><strong><em>τῶν</em></strong></span> <span class='ocrx_word' id='word_1_247' title='bbox 831 4010 1001 4088; x_wconf 88' lang='grc' dir='ltr'><strong><em>παρόντων</em></strong></span> <span class='ocrx_word' id='word_1_248' title='bbox 1031 4004 1123 4088; x_wconf 83' lang='grc' dir='ltr'><strong><em>μέρος</em></strong></span> <span class='ocrx_word' id='word_1_249' title='bbox 1151 4003 1289 4070; x_wconf 76' lang='grc' dir='ltr'><strong><em>ἕκαστον</em></strong></span> 
     </span>
     <span class='ocr_line' id='line_1_32' title="bbox 167 4115 1289 4203; baseline -0.005 -17"><span class='ocrx_word' id='word_1_250' title='bbox 167 4120 384 4194; x_wconf 79' lang='grc' dir='ltr'><strong><em>κινόυνευειν,</em></strong></span> <span class='ocrx_word' id='word_1_251' title='bbox 411 4124 481 4186; x_wconf 74' lang='grc' dir='ltr'><strong><em>καὶ</em></strong></span> <span class='ocrx_word' id='word_1_252' title='bbox 504 4125 635 4196; x_wconf 77' lang='grc' dir='ltr'><strong><em>εἰκότως.</em></strong></span> <span class='ocrx_word' id='word_1_253' title='bbox 653 4119 781 4185; x_wconf 79' lang='grc' dir='ltr'><strong><em>ἐθέλειν</em></strong></span> <span class='ocrx_word' id='word_1_254' title='bbox 802 4118 936 4203; x_wconf 89' lang='grc' dir='ltr'><strong><em>τολμᾶν.</em></strong></span> <span class='ocrx_word' id='word_1_255' title='bbox 960 4115 1091 4180; x_wconf 80' lang='lat' dir='ltr'>Felicius</span> <span class='ocrx_word' id='word_1_256' title='bbox 1111 4137 1201 4200; x_wconf 82' lang='lat' dir='ltr'>quarn</span> <span class='ocrx_word' id='word_1_257' title='bbox 1226 4115 1256 4180; x_wconf 91' lang='lat' dir='ltr'><strong><em>h.</em></strong></span> <span class='ocrx_word' id='word_1_258' title='bbox 1269 4115 1289 4180; x_wconf 94' lang='lat' dir='ltr'><strong><em>l.</em></strong></span> 
     </span>
     <span class='ocr_line' id='line_1_33' title="bbox 167 4229 1290 4318; baseline -0.003 -22"><span class='ocrx_word' id='word_1_259' title='bbox 167 4232 305 4298; x_wconf 90' lang='lat' dir='ltr'>Badham</span> <span class='ocrx_word' id='word_1_260' title='bbox 326 4233 418 4316; x_wconf 83' lang='lat' dir='ltr'>(ll.)</span> <span class='ocrx_word' id='word_1_261' title='bbox 444 4231 587 4296; x_wconf 86' lang='lat' dir='ltr'>tractavit</span> <span class='ocrx_word' id='word_1_262' title='bbox 611 4254 674 4316; x_wconf 87' lang='lat' dir='ltr'>cap.</span> <span class='ocrx_word' id='word_1_263' title='bbox 701 4233 742 4297; x_wconf 77' lang='lat'><strong><em>72</em></strong></span> <span class='ocrx_word' id='word_1_264' title='bbox 766 4239 842 4298; x_wconf 86' lang='lat' dir='ltr'>extr.</span> <span class='ocrx_word' id='word_1_265' title='bbox 867 4237 935 4317; x_wconf 87' lang='lat' dir='ltr'>post</span> <span class='ocrx_word' id='word_1_266' title='bbox 963 4233 1124 4318; x_wconf 79' lang='grc' dir='ltr'><strong><em>οὐδέτεροι</em></strong></span> <span class='ocrx_word' id='word_1_267' title='bbox 1153 4229 1290 4315; x_wconf 88' lang='lat' dir='ltr'>probabi·</span> 
     </span>
     <span class='ocr_line' id='line_1_34' title="bbox 168 4348 782 4435; baseline 0.002 -23"><span class='ocrx_word' id='word_1_268' title='bbox 168 4348 239 4414; x_wconf 85' lang='lat' dir='ltr'>liter</span> <span class='ocrx_word' id='word_1_269' title='bbox 257 4349 394 4412; x_wconf 88' lang='lat' dir='ltr'>inserens</span> <span class='ocrx_word' id='word_1_270' title='bbox 418 4355 582 4434; x_wconf 81' lang='grc' dir='ltr'><strong><em>γενόμενοι</em></strong></span> <span class='ocrx_word' id='word_1_271' title='bbox 607 4350 782 4435; x_wconf 81' lang='grc' dir='ltr'><strong><em>ὑπέρτεροι.</em></strong></span> 
     </span>
    </p>

    <p class='ocr_par' dir='ltr' id='par_1_9' title="bbox 171 4460 1358 4667">
     <span class='ocr_line' id='line_1_35' title="bbox 214 4460 1358 4546; baseline 0.002 -20"><span class='ocrx_word' id='word_1_272' title='bbox 214 4462 289 4546; x_wconf 85' lang='lat' dir='ltr'>Gap.</span> <span class='ocrx_word' id='word_1_273' title='bbox 316 4466 356 4527; x_wconf 88' lang='grc'><strong><em>74</em></strong></span> <span class='ocrx_word' id='word_1_274' title='bbox 379 4464 396 4546; x_wconf 70' lang='grc' dir='ltr'><strong><em>ό</em></strong></span> <span class='ocrx_word' id='word_1_275' title='bbox 421 4466 450 4527; x_wconf 91' lang='grc'><strong><em>1.</em></strong></span> <span class='ocrx_word' id='word_1_276' title='bbox 474 4461 551 4526; x_wconf 86' lang='lat' dir='ltr'>Vide</span> <span class='ocrx_word' id='word_1_277' title='bbox 574 4460 611 4526; x_wconf 88' lang='lat' dir='ltr'>ad</span> <span class='ocrx_word' id='word_1_278' title='bbox 635 4463 678 4526; x_wconf 87' lang='grc'><strong><em>48</em></strong></span> <span class='ocrx_word' id='word_1_279' title='bbox 703 4469 779 4526; x_wconf 82' lang='lat' dir='ltr'>extr.</span> <span class='ocrx_word' id='word_1_280' title='bbox 804 4461 877 4526; x_wconf 85' lang='lat' dir='ltr'><strong><em>Mox</em></strong></span> <span class='ocrx_word' id='word_1_281' title='bbox 893 4461 1096 4526; x_wconf 84' lang='lat' dir='ltr'>necessarium</span> <span class='ocrx_word' id='word_1_282' title='bbox 1114 4466 1204 4544; x_wconf 89' lang='lat' dir='ltr'>puto:</span> <span class='ocrx_word' id='word_1_283' title='bbox 1223 4464 1289 4528; x_wconf 83' lang='grc' dir='ltr'><strong><em>τῶν</em></strong></span> <span class='ocrx_word' id='word_1_284' title='bbox 1355 4503 1358 4510; x_wconf 70' lang='lat'>,</span> 
     </span>
     <span class='ocr_line' id='line_1_36' title="bbox 171 4575 951 4667; baseline -0.012 -19"><span class='ocrx_word' id='word_1_285' title='bbox 171 4587 368 4667; x_wconf 76' lang='grc' dir='ltr'><strong><em>πραγμάτων</em></strong></span> <span class='ocrx_word' id='word_1_286' title='bbox 393 4580 502 4663; x_wconf 80' lang='grc' dir='ltr'><strong><em>(τίον)</em></strong></span> <span class='ocrx_word' id='word_1_287' title='bbox 527 4582 604 4666; x_wconf 88' lang='grc' dir='ltr'><strong><em>πρός</em></strong></span> <span class='ocrx_word' id='word_1_288' title='bbox 632 4580 705 4652; x_wconf 80' lang='grc' dir='ltr'><strong><em>τοός</em></strong></span> <span class='ocrx_word' id='word_1_289' title='bbox 730 4575 951 4664; x_wconf 78' lang='grc' dir='ltr'><strong><em>Ἀθηναίους.</em></strong></span> 
     </span>
    </p>
   </div>
   <div class='ocr_carea' id='block_1_5' title="bbox 0 0 1617 5232">
    <p class='ocr_par' dir='ltr' id='par_1_10' title="bbox 0 0 1617 5232">
     <span class='ocr_line' id='line_1_37' title="bbox 0 0 1617 5232; baseline 0 0"><span class='ocrx_word' id='word_1_290' title='bbox 0 0 1617 5232; x_wconf 95' lang='lat' dir='ltr'><strong><em> </em></strong></span> 
     </span>
    </p>
   </div>
  </div>
 </body>
</html>
