3166 5230
705 467 747 534 89

169 659 332 743 ὑφ”ὖμών
364 665 487 747 Δωριῆς
512 664 655 744 Δωριῶν.
681 655 726 721 Of.
751 656 794 721 ib.
819 659 838 723 6
863 659 876 741 5
901 659 930 723 3.
978 656 1082 737 Quare
1106 679 1167 722 non
1191 653 1287 742 magis

171 773 320 859 corrigere
345 772 489 838 dubitabo
524 795 589 857 cap.
615 775 672 839 82:
706 781 793 858 η’μεῒς
816 777 875 858 μὲν
896 769 1008 850 Ἰωνες
1034 774 1153 859 [ὄντες]
1183 775 1287 840 Πελο-

171 893 358 976 ποννησίοις
376 898 542 975 Δωριεῦσι,
566 893 619 954 καί
636 890 781 955 πλείοσιν
795 884 862 955 οίσι
888 893 942 955 καί
959 895 1179 973 παροικοῦσιν,
1205 894 1288 955 ἐσκε-

171 1011 307 1092 ψάμεθα
323 1008 386 1090 ὅτῳ
402 1011 507 1090 τρόπῳ
529 1009 642 1088 ἥκιστα
663 1002 785 1086 [αὐτῶν
802 1001 882 1086 dele]
906 1007 1169 1088 ὖπακουσόμεθα.
1195 1002 1287 1065 Prae·

172 1123 256 1180 terea
280 1116 380 1182 malim
405 1124 598 1203 transponere
622 1119 767 1194 Ἴωνες
791 1124 975 1204 Δωριεῦσι
992 1118 1284 1202 Πελοποννησίοις,

172 1253 247 1314 quae
270 1237 316 1294 est
339 1231 476 1317 legitima
498 1231 604 1296 talium
627 1236 788 1296 structura.
832 1229 986 1294 similibus
1011 1228 1224 1294 additamentis
1246 1229 1289 1292 la-

174 1346 283 1410 borant
307 1346 381 1410 loci:
405 1345 451 1409 VI
475 1349 518 1410 44
541 1348 555 1429 5
580 1346 616 1424 3,
640 1346 682 1410 59
706 1348 720 1428 5
745 1347 764 1408 3
789 1349 819 1408 et
841 1341 906 1408 VII
930 1345 949 1410 5
974 1351 1050 1409 extr.

216 1458 286 1546 Cap.
312 1463 354 1527 80
377 1463 394 1544 5
419 1464 447 1525 1.
472 1461 492 1526 l.
518 1467 558 1528 τὰ
581 1461 737 1544 πολεμικὰ
766 1481 821 1544 pro
845 1461 1004 1546 πολέμιοι,
1031 1459 1083 1543 qui
1105 1465 1152 1522 est
1176 1456 1290 1522 tralati-

173 1574 237 1640 cius
260 1596 350 1639 error.
396 1574 442 1640 Ib.
470 1577 487 1658 5
512 1577 541 1639 3.
565 1576 753 1653 ξυνελὸντες
777 1602 810 1642 τε
835 1576 969 1660 λέγομεν
994 1575 1039 1658 [οῖ
1061 1576 1287 1662 Συρακόσιοι].

172 1687 292 1752 Nomen
315 1689 469 1774 proprium
493 1689 557 1752 sine
582 1688 610 1752 vi
633 1688 771 1752 additum
803 1686 948 1752 deleatur.
995 1688 1127 1753 Pluralis
1152 1688 1292 1772 designat

172 1801 269 1888 ipsum
293 1803 523 1868 Hermocraten
548 1802 735 1886 comitesque
759 1802 836 1866 eius.

218 1915 290 2001 Cap.
317 1919 368 1982 82.
393 1916 470 1981 Vide
493 1917 530 1982 ad
555 1919 607 1983 79.
631 1955 675 1964 ——
698 1919 715 2003 5
737 1920 768 1981 4.
793 1917 895 2002 ἦλθον
920 1925 980 2006 γὰρ
1004 1924 1055 1986 ἐπί
1088 1927 1147 2004 τὴν
1178 1926 1291 2006 μητρὸ-

175 2033 271 2100 πολιν
291 2031 369 2116 [ἐφ’]
395 2042 483 2118 ἡμᾶς.
519 2030 556 2095 In
581 2031 691 2096 vicinia
708 2031 755 2095 vel
772 2055 839 2096 cum
856 2033 993 2118 Krtigero
1009 2033 1143 2118 legatur:
1169 2031 1291 2114 καίώς

176 2151 212 2214 τὸ
232 2150 363 2236 ἀκριβὲς
384 2154 485 2216 εἰπεῖν
505 2147 567 2224 vel,
590 2154 740 2231 expuncta
762 2147 988 2232 praepositione
1009 2156 1053 2229 ἐς,
1075 2171 1211 2216 mecum:
1237 2157 1290 2217 καί

175 2265 326 2348 τάκριβὲς
354 2267 466 2328 εἰπεῖν.
514 2259 559 2326 Of.
588 2259 716 2326 V1149
740 2263 813 2347 54.
931 2285 935 2300 ²

220 2375 290 2461 Cap.
316 2379 366 2442 87.
390 2377 538 2465 ἄκλητοι.
585 2374 662 2439 Vide
693 2376 730 2439 ad
754 2375 771 2440 I
796 2378 860 2442 118
887 2382 962 2441 extr.
1009 2376 1095 2461 Ib.'5
1120 2380 1151 2441 4.
1178 2381 1292 2445 οίντι-

177 2501 322 2578 τοηεῐν
345 2490 422 2555 celat
443 2499 492 2559 ἂν
522 2501 683 2578 τυχεῖν,
713 2489 750 2554 de
775 2512 834 2575 quo
858 2490 923 2554 loco
943 2490 1069 2555 fortasse
1093 2490 1167 2555 alibi
1194 2511 1292 2574 agam.

175 2603 268 2669 Nunc
291 2604 454 2670 videndum
485 2606 523 2670 de
547 2605 646 2670 verbis
670 2604 882 2691 sequentibus:
910 2645 950 2653 —
985 2611 1157 2693 ἀμφότεροι
1193 2608 1293 2686 οἰναγ-

175 2724 331 2801 κάζονται
358 2726 375 2785 ό
405 2726 464 2804 μὲν
491 2729 581 2787 ἄκων
616 2731 793 2805 σωφρονεῖν
818 2728 835 2788 ό
862 2723 888 2788 δ’
916 2725 1194 2809 ἀπραγμόνως
1226 2727 1293 2787 σὼ-

176 2839 193 2913 ζ
204 2846 338 2901 εσθαι.
356 2842 478 2921 ταιίτην
496 2832 551 2903 οὖν
570 2845 628 2922 τὴν
648 2843 760 2920 κοινὴν
779 2846 823 2924 τῷ
846 2865 878 2903 τε
903 2838 1044 2922 δεομένῳ
1063 2843 1117 2903 καί
1140 2840 1215 2922 ὑμῖν
1234 2848 1292 2903 νῦν

174 2959 338 3037 παροῦσαν
363 2950 543 3032 ἀσφάλειαν
560 2959 602 3036 μὴ
630 2957 819 3038 α’πὼσησθε,
840 2952 913 3018 ἀλλ’
940 2953 1197 3029 ἐξισώσαντες
1225 2959 1292 3026 τοῖς

173 3064 287 3141 ἄλλοις
302 3063 378 3148 μεθ’
393 3074 482 3149 ἡμῶν
500 3075 566 3143 τοῖς
588 3069 814 3150 Συρακοσίοις,
840 3071 914 3133 οίντί
932 3077 986 3131 τοῦ
1003 3068 1053 3132 οίεί
1070 3066 1293 3150 φυλάσσεσθαι

176 3185 305 3258 αὐτους,
333 3186 387 3246 καί
416 3182 704 3268 α’ντεπιβουλεῦσαι
728 3185 801 3247 ποτ’
826 3187 860 3246 ἐκ
877 3187 931 3247 τοῦ
948 3183 1061 3274 ὁμοίου
1084 3179 1292 3264 μεταλάβετε.

178 3292 285 3377 Neque
309 3297 515 3372 ἐξισώσαντες
541 3316 609 3358 curn
633 3293 795 3357 scholiasta
818 3291 1015 3376 interpretari
1040 3293 1293 3370 ἐξισωθέντες

177 3408 252 3472 sinit
276 3430 348 3472 usus
380 3407 524 3472 orationis
554 3408 722 3492 pedestris,
756 3430 872 3493 neque,
896 3430 929 3470 ea
952 3406 1017 3491 ipsa
1040 3405 1294 3490 interpretatione

113 3573 117 3580 .
177 3521 324 3600 admissa,
359 3543 444 3586 mens
476 3522 608 3586 auctoris
638 3545 699 3586 non
724 3523 812 3587 valde
844 3522 971 3586 obscura
998 3528 1107 3586 manet.
1153 3519 1219 3604 Ego
1251 3517 1295 3583 nil

176 3635 307 3720 amplius
329 3636 533 3720 requirerem,
557 3638 583 3700 si
607 3637 687 3701 facili
711 3638 881 3702 mutatione
904 3634 1132 3701 rescriberetur:
1157 3632 1230 3700 ἀλλ’
1254 3637 1295 3713 ἐξ

176 3755 269 3818 ἰ’σοο
301 3755 516 3828 σωθέντες
547 3763 613 3828 τοῖς
639 3755 765 3833 ἄλλοις,
796 3776 855 3838 quo
888 3752 973 3817 ducit
996 3758 1062 3814 tum
1086 3728 1295 3834 praegressum

178 3869 404 3945 σώζεσθαι,
431 3872 497 3929 tum
521 3865 696 3950 oppositum
713 3867 743 3930 in
762 3866 959 3952 sequentibus
984 3871 1021 3932 ἐκ
1044 3876 1110 3931 τοῦ
1134 3867 1230 3949 ὁμοί
1239 3890 1294 3928 oo.

222 3979 293 4065 Cap.
319 3982 360 4045 88
393 3980 442 4045 Ib.
469 3983 486 4063 5
515 3985 545 4046 7.
569 3983 800 4067 περιήγγελλον
826 3985 859 4049 δὲ
885 3989 940 4049 καί
973 3990 1039 4058 τοῖς
1062 3981 1213 4056 Σικελοῖς
1241 3983 1295 4044 καί

177 4101 208 4172 ἐς
235 4102 294 4178 τὴν
331 4096 495 4177 ’Ἕγεσταν
534 4097 735 4182 [πέμψαντες
768 4096 932 4179 ἐκέλευον]
958 4099 1079 4170 ἵππους
1112 4097 1219 4176 σφίσιν
1253 4098 1297 4167 ὡς

176 4209 345 4285 πλείστους
372 4210 524 4293 πέμπειν.
573 4207 636 4288 Qui
660 4209 733 4272 haee
757 4210 793 4272 de
816 4231 870 4272 suo
893 4209 1024 4275 inseruit
1046 4208 1200 4294 ignoravit
1231 4225 1296 4270 ver·

97 4347 101 4354 ·
176 4321 247 4386 bum
279 4323 529 4408 περιαγγέλλειν
558 4323 646 4406 iungi
680 4322 774 4386 solere
806 4345 872 4387 cum
905 4323 1073 4388 Infinitive.
1131 4322 1179 4386 Of.
1206 4320 1295 4386 IV8

176 4439 408 4522 περιήγγελλου
430 4477 468 4485 -
486 4445 635 4526 βοηθεῖν.
663 4437 708 4502 Of.
726 4438 743 4501 I
760 4441 841 4513 116,
865 4436 976 4506 Π10.·
994 4437 1072 4501 Vide
1089 4443 1188 4500 autem
1205 4457 1295 4519 quam

176 4553 366 4638 ineleganter
388 4553 554 4618 scribatur:
579 4556 826 4640 πέμψαντες
924 4555 1119 4638 πέμπειν.
