3190 5232
655 516 661 528 “
736 517 831 536 ·····-·
1323 503 1344 559 V

225 686 317 757 midi·
321 689 606 779 populariumque
624 687 872 773 meisiufeusas,
893 686 947 753 vir
966 685 1077 752 doctus
1099 681 1238 775 quidam
1256 679 1345 750 Auo·

224 837 343 906 upmus
366 817 406 885 de
429 815 588 885 Analectis
612 816 693 883 meis
718 813 842 894 criticis
867 813 945 881 tutit
970 813 1007 882 iu
1024 809 1190 881 Leutsctoii
1213 811 1342 890 diario,

226 943 485 1032 Philotopischer
506 942 683 1031 Auceiper,
710 942 732 1009 I
753 965 786 1031 p.
815 945 834 1008 9
857 963 928 1032 sqq.

273 1067 381 1164 Qupm
404 1070 504 1136 crisin
529 1069 704 1160 aliquanto
724 1067 886 1157 perfidius
909 1087 1010 1156 quam
1028 1067 1169 1155 peritius
1185 1067 1346 1154 couscrip-

227 1205 296 1264 tam
319 1233 362 1246 --
388 1204 457 1264 tum
480 1197 567 1264 euim
589 1197 762 1263 uerborum
784 1215 931 1262 meorum
952 1215 1080 1262 seusam
1103 1195 1156 1261 tric
1176 1195 1245 1262 iiiia
1264 1215 1344 1282 pru-

226 1325 306 1394 deus
338 1325 507 1416 sciensque
541 1325 693 1405 detorsit,
727 1335 796 1392 tum
830 1345 904 1391 mea
935 1323 1087 1411 reseiteus
1119 1323 1155 1389 iu
1186 1322 1347 1390 ioculares

226 1450 385 1540 quosdam
415 1471 542 1518 errores
573 1451 641 1537 ipse
668 1471 734 1518 sese
761 1450 927 1538 implicuit
945 1451 972 1535 1)
1004 1487 1047 1500 —-
1073 1449 1221 1535 refutare
1242 1449 1347 1536 ipitur

226 1581 296 1648 eius
326 1601 483 1647 cous-urae
509 1579 668 1668 majorem
700 1586 785 1646 certe
808 1587 940 1666 partem
969 1598 1035 1645 uou
1057 1579 1141 1665 soret
1168 1579 1346 1646 admodum

226 1701 391 1792 difficile,
410 1706 467 1772 sed
487 1706 607 1773 studiis
630 1705 716 1773 disce
742 1706 860 1775 melius
883 1705 1109 1774 consulturum
1129 1727 1181 1774 me
1199 1713 1292 1794 puto,
1318 1706 1346 1772 si

223 1854 334 1920 pauca
346 1835 489 1920 reseram
501 1817 540 1901 de
549 1817 655 1902 codice
664 1835 807 1924 quodam
816 1835 1046 1925 antiquissimo
1060 1835 1275 1922 Thucydideo,
1288 1835 1347 1926 qui

226 1961 371 2027 uoudum
386 1968 568 2048 usurpatus
580 1962 622 2028 ab
641 1962 820 2028 editoribus
834 1970 989 2029 servatur
1002 1961 1145 2029 Loudim'
1161 1961 1197 2029 iu
1215 1959 1347 2028 Musaeo

228 2089 449 2156 Brittauuico.
475 2055 512 2156 Is
531 2068 789 2177 tiberisipuatus
800 2089 851 2157 N''.
866 2093 918 2166 11,
933 2093 1009 2176 727)
1025 2097 1071 2157 est
1082 2090 1349 2158 maabrauaceus

227 2218 263 2284 iu
277 2224 397 2306 quarto
410 2218 578 2285 coutiueus
591 2219 675 2305 tatia
689 2221 769 2299 249,
787 2239 874 2309 quae
888 2220 1022 2306 siuputa
1033 2217 1154 2286 habeut
1165 2239 1278 2286 uersus
1295 2222 1348 2285 27.

229 2344 272 2412 Iu
290 2344 343 2411 ta's
358 2366 469 2433 pauca
490 2353 566 2412 suat
582 2346 750 2432 postmodo
764 2367 826 2434 pro
848 2345 1013 2435 antiquis,
1035 2365 1121 2433 quae
1140 2344 1346 2423 eccideraut,

226 2474 380 2561 suppleta
412 2480 443 2540 et
472 2473 658 2562 perscripta
681 2493 783 2540 mauu
807 2473 889 2539 satis
911 2472 1044 2540 receuti.
1092 2471 1237 2560 Reliqua
1260 2475 1347 2536 cetu·

226 2601 370 2668 stissima
381 2607 470 2666 suut:
484 2607 643 2679 accurata,
656 2607 820 2690 quautam
833 2619 873 2665 ea
887 2598 1057 2686 scriptura
1073 2597 1222 2684 coiliperc
1234 2594 1347 2682 potui,

227 2730 333 2797 secuto
350 2728 407 2795 X¹¹⁰
430 2735 582 2812 verpeute
598 2728 643 2794 ad
665 2728 781 2815 duem,
802 2727 904 2794 secuti
922 2734 1007 2795 certe
1026 2724 1102 2792 XI¹³¹i
1122 2732 1222 2812 parte
1233 2724 1348 2810 priore

226 2873 447 2946 nequaquam¹
471 2855 673 2934 recentiora,
699 2874 803 2921 mauu
830 2853 962 2934 eadem,
987 2875 1074 2943 quac
1105 2850 1349 2939 clepautissima

228 2990 284 3061 est,
307 2984 428 3050 omuia.
476 2982 581 3049 Haud
606 3003 684 3049 raro
710 2989 836 3058 tamea,
861 2982 918 3048 ubi
943 2989 1035 3049 oetas
1060 2981 1229 3068 scriptura
1242 2999 1349 3068 paeue

229 3117 429 3190 ecauuerat,
456 3110 633 3175 literarum
654 3109 770 3176 ductus
789 3109 968 3176 receutiore
993 3115 1180 3177 atramento
1198 3113 1276 3173 suut
1292 3105 1349 3172 ite·

228 3237 306 3313 rati,
335 3256 440 3324 aeque
464 3235 500 3301 id
524 3253 650 3322 semper
677 3233 939 3301 sincerioribus
964 3234 1089 3319 [actum
1114 3252 1178 3300 esse
1196 3231 1349 3298 cuimod-

228 3366 322 3434 certi.
371 3363 505 3432 Scholia
524 3371 602 3430 suut
621 3363 657 3429 iu
676 3363 828 3450 marpiue
848 3359 1080 3428 minutioribus
1101 3361 1207 3428 literis
1225 3361 1350 3447 scripta

228 3494 358 3574 eadem,
384 3513 452 3583 qua
476 3498 660 3570 contactus,
690 3511 794 3557 mauu
818 3490 978 3579 amiqua,
1011 3509 1057 3556 au
1084 3487 1181 3556 editis
1211 3488 1351 3556 meliora

228 3625 289 3686 aut
312 3616 545 3704 locupletiora,
583 3603 764 3703 deficiente
786 3622 928 3703 tempore
953 3634 1020 3681 uou
1047 3613 1216 3703 inquisivi.
1267 3612 1351 3694 Quot

227 3763 339 3812 eorum
364 3741 427 3830 lapi
449 3740 553 3828 pretii
574 3739 672 3808 ratde
695 3741 807 3828 occiput
830 3762 895 3809 esse
917 3740 1018 3808 tabeo
1040 3746 1250 3826 compertum.
1297 3738 1351 3808 Li·

229 3873 323 3940 brum
356 3877 506 3938 octauum
535 3871 665 3939 cmtuti
703 3891 776 3938 ema
813 3871 954 3939 Betteri
990 3869 1131 3938 editione
1165 3875 1351 3956 stereotppa

231 4001 359 4068 altera:
383 3999 428 4066 ad
450 4006 559 4066 cetera
579 3999 776 4085 conferenda
792 3999 897 4087 defuit
922 3997 1005 4065 mitri
1021 3998 1166 4066 Loudiui
1179 4018 1241 4086 per
1257 4000 1351 4068 breue

232 4137 359 4218 tempus
382 4127 512 4215 depacti
527 4127 639 4194 otiam.
672 4125 716 4195 Iu
739 4127 797 4194 hoc
821 4133 906 4194 certe
926 4127 1010 4194 libro
1032 4127 1145 4194 auitas
1160 4127 1282 4216 offendi
1298 4150 1352 4195 ra-

229 4277 326 4324 suras
349 4263 410 4323 aut
436 4254 665 4334 correctiones,
687 4255 753 4321 uisi
773 4275 873 4342 quas,
896 4254 998 4344 idque
1018 4255 1229 4342 paucissimis
1256 4256 1351 4335 tacis,

264 4557 288 4617 1)
319 4547 437 4618 imprimis
461 4553 562 4603 ioculare
582 4559 616 4611 est
638 4558 686 4604 cius
706 4555 814 4604 iudicium
832 4557 860 4604 de
878 4556 1020 4607 sublimitate
1038 4559 1199 4623 Thucydideo,
1219 4575 1287 4623 quam
1309 4575 1350 4625 ego

230 4647 303 4698 otiosa
321 4661 453 4712 expungens
471 4662 517 4696 non
535 4649 668 4710 agnoverim
685 4649 783 4700 scilicet!
