3166 5230
830 487 893 551 128

304 679 446 764 κυδίδης.
493 674 607 740 Moeris
641 699 671 760 p.
704 676 775 740 162.
823 671 868 738 Οἰ.
900 677 1232 758 ἀπεφράγνυσαν
1264 673 1328 740 VII
1378 677 1415 754 4,

302 813 357 876 pro
381 790 538 855 usitatiore
564 780 779 877 οἰπέφρασσον.

348 904 774 991 Οορ,126.οἰμυνομένους.
821 903 904 968 Bene
925 901 980 967 Kr.
1009 905 1262 988 ἀμυνουμένους.
1297 901 1417 968 Vitium

303 1027 502 1104 propagatum
527 1042 542 1083 e
567 1019 723 1084 literatura
745 1017 987 1096 ante-Euclidea,
1011 1039 1104 1102 quum
1124 1023 1144 1086 ὃ
1161 1016 1348 1082 scribebatur
1363 1039 1417 1102 pro

279 1107 495 1219 'diphthongo
527 1140 575 1205 π.
622 1133 710 1197 roem
740 1133 850 1198 aaaron
878 1132 984 1198 1144
1013 1131 1071 1211 ra,
1095 1131 1148 1195 un
1173 1131 1297 1217 antiqua
1323 1133 1420 1218 scrip.

303 1255 371 1313 tura
395 1259 655 1312 οΑοΦΥΡοΜΑΙ
674 1247 843 1332 significare
866 1245 986 1312 videtur
1011 1248 1243 1334 ὀλοφυροῡμαι,
1268 1269 1330 1312 non
1346 1248 1419 1316 ὀλο·

303 1369 453 1450 φάρομαι.
499 1362 579 1427 Loco
610 1359 656 1424 IV
683 1363 724 1428 35
749 1361 856 1447 optimi
883 1360 954 1453 libri
985 1359 1097 1425 habent
1123 1363 1338 1446 ἀμυνόμενοι,
1365 1358 1418 1425 ubi

303 1483 404 1542 tamen
427 1483 508 1542 recte
541 1477 656 1542 editum
688 1483 734 1540 est
765 1463 992 1562 ἀμυνούμενοι.
1043 1473 1120 1537 Utra
1143 1473 1233 1537 lectio
1256 1474 1355 1538 verior
1376 1474 1419 1538 sit

303 1590 425 1676 ambigo
451 1591 486 1656 II
515 1593 557 1657 34
584 1589 662 1656 med.
695 1596 749 1657 καί
777 1579 929 1673 γυναῖκες
962 1597 1108 1675 πάρεισιν
1136 1595 1171 1654 αἰ
1201 1597 1418 1676 προσήκουσαι

304 1712 356 1774 ι’πί
381 1711 437 1774 τὸν
461 1715 563 1788 τάφον
588 1707 912 1791 ὀλοφυρόμεναι.
958 1700 1007 1766 Of.
1029 1705 1071 1768 46
1093 1708 1169 1767 extr.
1191 1710 1248 1771 νῦν
1266 1704 1296 1770 δ’
1321 1705 1418 1772 α’πο-

304 1821 592 1906 λοφυράμινοι
615 1825 653 1890 ὃν
677 1828 826 1905 προσήκει
853 1819 987 1897 ἕκαστος
1008 1824 1114 1885 ἄπιτε.

347 1934 388 2001 V.
415 1937 445 2001 6.
491 1935 673 2022 Κλιαρίδου
700 1940 731 1998 et
761 1934 806 1998 sic
831 1935 872 1999 10
900 1939 975 1999 extr.
1006 1939 1037 1996 et
1066 1934 1105 1997 11
1138 1936 1213 1996 extr.
1259 1929 1417 1996 Veriorem

302 2050 428 2115 formam
459 2049 625 2137 Κλιαρίδα
656 2047 726 2112 libri
757 2054 916 2112 servarunt
949 2070 1014 2133 cap.
1047 2049 1088 2114 10
1119 2046 1184 2112 init.
1234 2045 1281 2112 uf.
1308 2048 1322 2112 Ι
1352 2047 1417 2114 103

304 2167 470 2250 Ἰθωμήτα
501 2187 525 2228 s.
557 2162 741 2249 Ἰθωμάτα,
773 2169 810 2226 ut
840 2141 955 2226 mavult
986 2159 1091 2226 Cobet.
1139 2160 1280 2226 Genetivi
1313 2167 1418 2226 tamen

303 2281 456 2368 Βρασίδα
479 2278 596 2344 nullum
619 2284 665 2342 est
687 2277 862 2362 vestigium.
900 2279 1068 2364 Βρασίδου
1085 2281 1257 2341 constanter
1274 2275 1419 2341 ‘scribitur

302 2399 333 2458 et
359 2393 485 2457 fortasse
509 2399 603 2472 recte,
628 2391 697 2478 quia
721 2413 829 2460 nornen
857 2398 919 2456 erat
944 2390 1119 2455 Atticorum
1141 2388 1267 2455 auribus
1291 2389 1419 2455 familia-

303 2530 464 2574 nselmum.

347 2621 419 2708 Oap.
444 2625 497 2689 16.
522 2623 678 2702 εὐλάξειν.
725 2621 858 2688 Scribam
883 2623 1030 2701 ιδλαξεῖν
1054 2644 1122 2685 oum
1145 2619 1261 2686 Cobeto
1283 2620 1349 2686 Mn.
1370 2619 1420 2684 VI

302 2761 334 2824 p.
361 2739 436 2804 165.
481 2735 528 2804 Of.
556 2736 646 2803 Phot.
669 2736 727 2802 lex.
751 2739 878 2825 αὐλάχα
901 2736 1002 2822 ibique
1025 2734 1138 2802 Nabar.

347 2850 419 2938 (lap.
444 2855 490 2918 aa
509 2851 587 2916 med.
620 2856 749 2940 ἐχυρῶς.
795 2849 889 2916 Oodd.
915 2851 1052 2937 Dionysii
1076 2851 1117 2917 H.
1142 2849 1253 2915 habent
1275 2853 1398 2937 ὀχυρῶς
1406 2897 1417 2930 ,

304 2972 339 3031 ut
360 2973 505 3054 perpetuo
529 2967 562 3032 in
586 2966 633 3030 his
658 2966 763 3030 formis
786 2965 904 3032 variam
924 2964 1004 3033 libri.
1050 2965 1123 3030 Non
1150 2974 1251 3031 tamen
1274 2965 1358 3030 illam
1383 2970 1420 3028 ut

303 3081 446 3177 novitiam
478 3104 546 3146 oum
578 3080 755 3145 Blomfieldo
782 3080 820 3145 ad
847 3081 954 3147 Aesoh.
985 3081 1067 3148 Pers.
1095 3080 1278 3168 proscribere
1307 3079 1419 3144 ausim.

303 3196 485 3261 Rectissime
513 3195 593 3261 enim
617 3195 654 3260 ab
678 3201 740 3285 ἔχω
762 3195 890 3260 formata
914 3202 975 3274 est,
1000 3195 1039 3260 ad
1062 3196 1230 3282 analogiam
1258 3186 1420 3261 uocabulo-

302 3305 550 3398 rum'playvpdo
573 3315 602 3394 (a
626 3312 744 3397 φλέγω)
769 3317 800 3374 et
821 3312 992 3399 Βλεπυρός
1016 3316 1048 3397 (a
1072 3313 1217 3396 Βλέπω).
1250 3309 1296 3376 Cf.
1313 3310 1420 3375 Photii

213 3431 217 3438 '
301 3428 360 3495 lex.
384 3427 432 3491 ed.
454 3424 534 3494 Nab.
556 3449 587 3512 p.
605 3429 678 3492 241.
696 3465 740 3474 -
755 3426 870 3492 Eadem
894 3426 1020 3491 varietas
1043 3425 1122 3510 apud
1145 3425 1284 3510 antiquos
1306 3424 1365 3489 fuit
1386 3425 1421 3490 in

301 3545 428 3631 δχμάζω
455 3539 586 3626 (Eurip.)
610 3547 642 3604 et
670 3545 794 3630 ἰχμάζω
819 3541 852 3605 in
879 3540 952 3606 Lex.
982 3539 1106 3608 Rhetor.
1135 3563 1181 3626 ap.
1206 3539 1347 3606 Eustath.
1378 3539 1419 3604 Il.

301 3681 331 3742 p.
357 3659 430 3725 904.
478 3655 524 3722 cf.
548 3656 679 3743 Hesych.
705 3661 736 3720 et
759 3655 858 3722 Schol.
882 3657 955 3722 Eur.
980 3655 1031 3722 Or.
1057 3657 1130 3722 254.
1154 3694 1197 3706 -
1220 3656 1259 3721 In
1284 3661 1420 3720 extremo

302 3773 401 3858 capite
431 3772 542 3838 formae
574 3775 766 3851 αἰσθεσθαι,
801 3793 890 3856 quam
914 3771 1034 3836 Belrker
1063 3771 1174 3856 aliique
1206 3769 1337 3835 editores
1363 3792 1420 3855 pro

301 3890 479 3956 αἰσθέσθαι
503 3892 694 3972 receperunt,
719 3909 837 3951 omnem
860 3885 950 3950 fidem
973 3887 1101 3971 denego.
1136 3885 1176 3951 In
1197 3886 1262 3950 loco
1281 3885 1422 3951 Platonis

301 4001 373 4086 Rep.
400 4003 440 4066 X.
464 4025 493 4088 p.
513 4004 632 4070 '608A
663 4024 717 4088 pro
740 4007 935 4087 αἰσθώμεθα
961 4001 1071 4066 merito
1101 3999 1267 4065 Stallbaum
1296 3999 1422 4067 iubente

301 4117 454 4183 sententia
477 4140 493 4182 e
517 4117 634 4183 duobus
657 4117 748 4181 codd.
776 4115 887 4201 recepit
910 4121 1069 4202 εἰσόμεθα.
1111 4115 1194 4180 Hinc
1217 4138 1265 4180 res
1288 4117 1368 4182 redit
1384 4116 1424 4182 ad

302 4255 397 4299 unum
431 4233 531 4298 locum
561 4232 707 4300 Isocratis
742 4230 796 4295 HI
827 4231 846 4296 5
879 4228 955 4299 ὥστ’
986 4234 1042 4300 οὐκ
1074 4233 1253 4300 αἰσθονται
1286 4243 1424 4322 τοιοιίτῳ

300 4358 465 4436 πράγματι
489 4351 653 4435 δυσμενῶς
677 4350 819 4435 ἔχοντες,
843 4351 879 4410 οἰ
903 4343 1023 4410 Bekker
1047 4369 1064 4410 a
1084 4346 1146 4410 suis
1164 4345 1250 4410 libris
1268 4347 1425 4435 rescripsit

299 4485 355 4547 pro
381 4463 504 4549 vulgata
527 4469 616 4528 antea
639 4461 768 4527 lectione
792 4468 1028 4542 αἰσθάνονται,
1053 4483 1144 4546 quam
1169 4461 1276 4527 melius
1304 4483 1352 4526 me
1373 4462 1423 4528 iu-

167 4573 174 4594 *
300 4575 365 4646 dice
392 4578 568 4667 reliquisset
593 4578 748 4642 intactam.
797 4575 865 4641 Nec
888 4574 1165 4642 Grammaticorum
1195 4575 1354 4664 qnisquam
1380 4576 1421 4646 dc
