3190 5232
818 443 859 510 te

286 638 372 723 [ταῖς
399 639 544 723 πόλεσιν]
574 644 716 714 ἁπάσαις
740 642 807 702 κτὲ.
832 633 1001 720 Expnnctis
1023 631 1142 698 duobus
1166 631 1322 698 vocabulis
1339 653 1397 695 ma·

278 753 325 838 gie
346 752 462 816 Graeca
485 751 559 817 hoec
581 749 644 815 fore
669 749 811 815 arbitror.

321 865 392 951 Cap.
418 865 460 932 50
487 868 503 950 t
527 867 616 932 ὅκαί
641 865 743 933 ἐδόκει
773 891 804 930 τι
829 867 924 933 νέου
948 866 1090 932 ἔσεσθαι.
1117 862 1203 927 Ηοοο
1219 862 1284 948 ipsa
1309 860 1399 926 verbe

280 980 429 1064 leguntur
453 979 534 1064 apud
557 979 686 1044 Dionem
706 977 740 1044 C.
768 977 856 1042 XLV
882 981 899 1043 7
925 981 942 1063 t
966 979 996 1043 3.

326 1092 399 1178 Cap.
424 1093 466 1160 53
492 1096 510 1179 d
538 1097 557 1159 2
582 1097 684 1162 ἐδόκει
713 1096 748 1161 δὲ
774 1099 829 1160 καί
854 1101 936 1161 ἄνευ
960 1103 1015 1175 τῆς
1039 1069 1146 1169 αἰτίας
1166 1100 1225 1176 τὴν
1242 1089 1400 1158 Ἐπίδαυ-

283 1236 399 1291 ρον-
417 1210 615 1296 προσλαβεῖν
636 1245 674 1257 -
692 1217 748 1291 τῆς
762 1235 797 1274 τε
820 1211 991 1292 Κορίνθου
1014 1209 1111 1275 ἕνεκα
1138 1211 1271 1294 ήσυγίοις
1295 1209 1349 1270 καί
1366 1210 1401 1270 ἐκ

283 1331 338 1405 τῆς
362 1326 505 1408 Αἰγίνης
534 1324 738 1410 βραχυτέραν
765 1325 895 1388 ἔσεσθαι
920 1329 979 1405 τὴν
1003 1327 1162 1409 βοήθειαν
1179 1329 1199 1406 ἤ
1213 1319 1401 1387 Σκύλλαιον

283 1437 511 1523 περιπλεῖν
547 1447 614 1514 τοῖς
644 1415 857 1523 ’Λῦιγναίοις
905 1435 1020 1501 Graece
1056 1435 1153 1500 oratio
1174 1435 1231 1499 erit
1258 1433 1403 1518 rescripto

283 1580 355 1636 περ
367 1581 376 1617 ι
387 1550 577 1636 πλέ(ουσ)ι
603 1561 669 1628 τοῖς
691 1552 903 1638 Ἀθηναίοις.

329 1661 403 1748 Cap.
431 1664 473 1729 54
497 1664 576 1732 med.
598 1672 839 1751 expectaueram:
855 1672 936 1750 μετὰ
956 1671 1012 1734 τὸν
1027 1665 1190 1751 μέλλοντα
1208 1664 1340 1749 (μῆνα)
1363 1700 1398 1710 -

286 1789 444 1866 Καρνεῖος
461 1779 491 1847 δ’
504 1780 543 1866 ἦν
567 1782 672 1866 [μήν],
692 1786 858 1868 ἱερομήνια
871 1789 1022 1867 Δωριεῦσι
1035 1818 1078 1828 -
1088 1783 1403 1866 παρασκευάζεσθαι.

285 1893 382 1957 Abest
405 1902 468 1978 μὴν
484 1917 502 1958 a
517 1894 584 1960 cod.
607 1893 647 1974 Q.
664 1895 756 1960 Error
772 1894 939 1959 Scholiasta
956 1894 1120 1979 antiquior.
1137 1930 1179 1942 -
1194 1902 1215 1970 †
1231 1892 1305 1976 Cap.
1324 1898 1401 1956 extr.

291 1998 336 2074 ὧν
354 2036 439 2084 τινες
455 2008 513 2094 [oi]
527 2015 586 2095 μὲν
600 2047 641 2056 -·
660 2016 692 2076 οῖ
703 2013 747 2078 δέ.
774 2010 922 2074 Similiter
934 2008 1061 2074 subinde
1076 2007 1189 2074 dieitur
1200 2011 1281 2076 ἔνιοι
1293 2013 1353 2092 μὲν
1366 2045 1403 2054 -

289 2126 319 2188 οἱ
335 2125 382 2197 δέ,
400 2125 431 2190 οῖ
440 2126 659 2209 μὲν-ἄλλοι
678 2127 714 2192 δέ
727 2127 831 2194 cett.†
854 2125 992 2190 Ferreus:
1007 2120 1053 2194 ὧν
1069 2129 1108 2193 οῖ
1122 2126 1181 2212 μίν
1207 2151 1316 2198 τινες
1340 2129 1406 2189 nri.

331 2237 403 2322 Cap.
430 2239 471 2304 56
497 2242 514 2324 t
538 2243 556 2304 2
583 2247 710 2310 ἐάσειαν
736 2242 834 2326 [κατὰ
858 2243 1043 2326 θάλασσαν]
1070 2241 1302 2308 καταπλεῦσαι.
1329 2237 1404 2302 Deio

290 2352 452 2417 ridiculum
479 2351 626 2418 emblema
649 2355 726 2419 mele
752 2356 912 2441 repetitum
933 2377 949 2418 e
973 2352 1163 2439 praegressis.
1201 2350 1249 2416 Ib.
1270 2351 1406 2436 §bper

291 2489 392 2552 peram
416 2466 473 2533 Kr.
509 2468 655 2534 coniecit:
695 2473 790 2559 (καί)
829 2477 887 2561 βίᾳ
918 2476 1114 2558 αἱρήσοντες.
1149 2466 1327 2551 Distingue:
1358 2470 1401 2543 ὥς

237 2623 240 2628 ·
289 2588 403 2671 ἐρήμου
429 2590 523 2672 οὔσης
554 2587 608 2653 διὰ
632 2593 688 2656 τὸν
713 2589 866 2674 πόλεμον,
892 2591 949 2673 βίᾳ
977 2590 1170 2671 αἱρήσοντες.

332 2696 348 2772 ’t
371 2697 444 2784 Cap.
466 2701 507 2766 59
532 2708 608 2766 extr.
632 2706 778 2787 ἑτοίμους
803 2709 863 2789 γὰρ
885 2699 970 2770 εἶναι
986 2700 1160 2783 Ἀργείους
1182 2697 1275 2774 δίκας
1292 2697 1406 2763 δοῦναι

290 2821 344 2880 καὶ
370 2815 529 2894 δέξασθαι
553 2819 625 2895 ἰ’σας
647 2825 701 2885 καί
725 2823 855 2903 ὁμοίας,
879 2821 908 2884 εί
935 2843 966 2882 τι
992 2813 1179 2882 ἐπικαλοῦσι
1210 2811 1404 2898 [Ἀργείοις]

291 2930 557 3014 Λακεδαιμόνιοι.
583 2933 603 3000 †

337 3041 384 3107 Ib·
410 3045 427 3128 d
447 3045 467 3110 5
484 3048 678 3131 προσελθὸν
690 3075 755 3123 τες
774 3085 818 3093 -
839 3046 1059 3130 διελεγέσθην.
1084 3040 1189 3126 Longe
1204 3037 1313 3103 melius
1329 3037 1408 3103 Βθίί·

293 3155 346 3220 ker
377 3157 413 3222 ex
435 3159 503 3223 aliia
526 3159 628 3239 libris,
659 3162 691 3226 iu
714 3161 825 3246 quibus
848 3167 894 3224 est
922 3158 1091 3223 Vaticanus
1120 3153 1217 3220 edidit
1242 3154 1408 3240 προσελ-

293 3280 428 3342 θόντε.
453 3274 543 3341 Arist.
566 3275 648 3343 Plut.
661 3280 726 3345 485
752 3281 808 3345 οὐκ
832 3284 875 3346 ἄν
898 3283 1117 3359 φθάνοιτον
1134 3281 1228 3342 τοῦτο
1250 3279 1405 3358 πράττοι·

294 3416 359 3465 τες
380 3410 480 3452 veram
503 3390 663 3456 lectionem
683 3404 894 3477 φθάνοιτε
918 3389 1045 3455 servavit
1069 3388 1239 3452 Rauennae.

337 3502 409 3588 Cap.
436 3507 479 3570 60
502 3504 592 3569 initio
617 3505 706 3571 verba
732 3513 798 3575 τῶν
826 3511 988 3592 Ἀργείων
1013 3502 1178 3568 rectissime
1201 3499 1306 3564 omisit
1330 3520 1408 3562 unus

293 3616 384 3682 codex
414 3641 474 3683 uon
502 3621 632 3705 optimae
657 3629 755 3686 notae.
785 3621 822 3685 Ih
846 3624 862 3706 t
884 3623 905 3684 4
930 3627 964 3688 ἐν
989 3621 1099 3705 πολλῷ
1123 3621 1250 3687 πλείονι
1275 3618 1406 3702 [αἰτίᾳ]

294 3730 410 3797 Ultima
433 3757 490 3799 vox
513 3743 595 3800 recte
617 3736 702 3802 abest
725 3760 741 3800 a
768 3736 833 3801 cod.
859 3735 976 3800 Danioo
998 3742 1031 3798 et
1054 3757 1070 3797 a
1093 3732 1258 3798 Parisiensi
1287 3753 1361 3796 mec.

337 3845 409 3932 Cap.
428 3851 468 3914 62
485 3858 562 3916 extr.
579 3853 712 3936 requiro:
729 3859 782 3921 καί
800 3857 908 3921 αὐτῶν
930 3857 994 3920 τῶν
1017 3855 1188 3933 Τεγεατῶν
1205 3845 1300 3933 (τῶν)
1319 3853 1353 3916 ἐν
1369 3855 1409 3932 τῇ

295 3960 398 4034 πόλει,
427 3963 479 4026 sed
503 3964 628 4032 fortasse
652 3969 751 4032 verius
776 3988 986 4052 expungemus
1008 3985 1117 4028 nomen
1141 3961 1305 4047 proprium.

340 4073 454 4159 †Oap.
479 4080 522 4143 63
546 4083 560 4163 ᾗ
584 4083 604 4146 3
624 4087 708 4170 ἔργῳ
731 4089 793 4168 γὰρ
815 4077 932 4165 οίγαθῷ
955 4084 1165 4165 ῥῦσεσθαι
1187 4076 1407 4156 (λύσεσθαι

294 4187 428 4270 Bebase,
454 4214 510 4276 ego
534 4196 637 4260 malim
660 4197 972 4278 ἀπολύσεσθαι)
1003 4200 1059 4270 τὰς
1080 4195 1187 4269 αἰτίας
1215 4214 1410 4274 στρατευ-

295 4310 468 4388 σόμενος
504 4309 562 4390 (ita
597 4312 704 4396 optimi
733 4311 837 4389 codd,
869 4310 958 4395 vulgo
987 4315 1283 4394 στρατευσάμενοςι·
1307 4323 1408 4366 verum

295 4416 417 4482 videtur
432 4447 501 4507 στρ
512 4433 688 4510 ατεῦομε
700 4428 779 4510 νος)
795 4435 815 4511 ἡ
830 4427 928 4510 [τότε]
955 4435 1061 4493 ποιεῖν
1078 4424 1192 4498 αὐτοῦς
1208 4425 1258 4487 ὅτι
1275 4418 1410 4505 βουλον-

297 4558 363 4596 ται.
386 4531 507 4601 Ferrum
524 4535 664 4600 fortusse:
683 4545 710 4604 εἰ
731 4542 765 4606 δι’
778 4547 832 4626 μή,
849 4547 942 4608 τότε
963 4549 1069 4606 ποιεῖν
1088 4542 1166 4616 ure,
1185 4533 1236 4599 aed
1255 4532 1410 4616 aliquanto
