3190 5232
723 480 763 546 11

226 673 300 760 Cap.
324 675 366 739 48
391 669 509 756 supple:
535 665 582 738 ὧν
612 669 684 758 ἦρχε
708 669 813 754 (τῶν)
843 675 973 757 τριῶν
998 674 1188 758 στρατηγῶν
1213 675 1303 738 ἑκάσ·

182 817 240 858 του
265 819 321 868 εις.
879 859 882 863 .

227 901 299 987 Cap.
314 902 355 967 51
372 906 451 965 extr.
475 905 506 968 οἱ
522 903 556 967 δέ
574 909 771 988 Κερκυραῖοι
788 899 841 984 (ἡν
857 906 917 986 γὰρ
933 902 1002 984 νύξ)
1021 905 1231 988 ἐφοβήθησαν
1247 899 1301 984 [μὴ

183 1018 336 1101 πολέμιαι
362 1011 478 1099 ὧσιν],
508 1017 621 1081 ἔπειτα
647 1014 675 1081 δ’
706 1017 852 1096 ἔγνωσαν
881 1021 936 1083 καλ
964 1019 1156 1100 ὡρμίσαντο.
1202 1011 1303 1077 Verba

183 1132 315 1210 inclusa,
341 1152 415 1214 quae
439 1129 520 1192 salva
545 1128 698 1193 sententia
721 1128 823 1193 abesse
836 1137 991 1216 possunt,
1010 1152 1071 1193 uon
1095 1129 1235 1214 agnoscit
1252 1127 1305 1212 qui

184 1246 266 1310 huuc
288 1245 388 1310 locum
413 1243 548 1311 laudavit
572 1243 760 1329 Lecapenus.

229 1361 303 1445 Cap.
328 1362 369 1427 52
393 1363 410 1446 p
434 1362 462 1425 1.
499 1370 538 1446 τῇ
568 1356 603 1434 c’
624 1364 778 1446 ὑστεραίᾳ
810 1364 1056 1444 α’ναγαγόμεναι
1087 1358 1145 1441 (sic
1177 1363 1260 1422 recte
1289 1380 1305 1421 e

183 1476 287 1562 paucis
318 1475 406 1542 codd.
438 1475 562 1540 Classen
594 1496 647 1559 pro
678 1477 893 1560 οἷναγόμεναι)
919 1479 957 1542 αλ
985 1503 1018 1541 τε
1046 1475 1205 1568 Ἀττικαὶ
1233 1483 1305 1558 νῆες

184 1597 257 1659 ὅσαι
290 1593 419 1678 πλόιμοι
452 1591 533 1676 ἦσαν
566 1591 768 1658 ἐπέπλευσαν
802 1594 854 1657 ἐπὶ
888 1595 945 1657 τὸν
977 1597 1012 1660 ἐν
1045 1600 1113 1669 τοῖς
1142 1597 1306 1677 Συβύτοις

186 1709 315 1792 λιμένα,
351 1713 384 1775 ἐν
417 1699 443 1795 ᾦ
470 1711 501 1773 οἱ
527 1711 702 1791 Κορίνθιοι
735 1709 877 1790 ὥρμουν,
911 1706 1101 1792 βουλόμενοι
1128 1706 1251 1771 εἰδέναι
1283 1708 1310 1768 εἰ

188 1830 462 1909 ναυμαχήσονσιν.
513 1820 652 1904 Krugero
676 1819 868 1904 expungenti
892 1817 1036 1882 vocabula
1055 1820 1246 1906 βουλόμενοι
1268 1826 1310 1884 εἰ·

187 1938 280 2004 cluat
308 1935 433 2000 Classen
461 1934 597 1999 obmovit
624 1934 706 1998 locos
733 1935 760 1995 V
786 1938 844 2013 21,
876 1933 924 1997 VI
955 1937 999 1998 44
1031 1939 1108 1997 extr.
1141 1939 1172 1996 et
1200 1931 1242 1998 ib.
1268 1936 1309 1999 62

187 2053 203 2134 §
226 2053 260 2129 1,
293 2071 421 2134 quorum
452 2051 587 2114 locorum
615 2049 730 2134 primus
758 2055 898 2127 tantum,
921 2047 975 2112 ubi
1001 2055 1034 2112 ut
1060 2048 1090 2112 h.
1108 2047 1129 2112 l.
1152 2047 1190 2111 de
1218 2067 1310 2134 eupe-

186 2165 308 2232 claudo
336 2164 439 2248 potius
466 2187 556 2248 quam
584 2164 621 2227 do
652 2163 847 2232 cciacilundo
878 2186 977 2228 sermo
1007 2172 1070 2243 est,
1102 2164 1162 2229 uisi
1189 2170 1220 2227 et
1248 2164 1311 2248 ipse

187 2280 329 2343 similiter
361 2280 539 2364 depravatus
567 2287 632 2357 est,
664 2280 761 2343 huuce
789 2279 867 2342 tueri
895 2285 1007 2362 potest.
1053 2279 1102 2342 Ne
1130 2285 1233 2342 tamen
1262 2299 1312 2342 co-

186 2417 296 2478 gamur
318 2395 446 2478 iungere
469 2395 664 2480 participium
688 2397 881 2485 βουλόμενοι
904 2416 974 2459 cum
998 2400 1187 2480 Κορίνθιοι,
1205 2393 1312 2477 utique

186 2509 412 2576 rescribendum
436 2516 641 2599 βουλόμεναι.
685 2510 734 2574 Ne
755 2517 859 2574 autem
883 2509 951 2595 quis
976 2509 1105 2574 miretur
1128 2508 1202 2592 ipsis
1227 2508 1310 2572 navi-

186 2627 243 2692 bus
266 2627 362 2691 tribui
385 2650 446 2691 non
471 2627 568 2690 solum
590 2626 780 2691 voluntatem
804 2625 857 2690 sed
879 2626 970 2690 etiam
986 2623 1101 2689 sciendi
1118 2623 1310 2701 facultatem,

186 2743 328 2828 inspiciat
356 2742 431 2806 mihi
456 2742 511 2807 III
539 2743 582 2808 33
609 2741 694 2806 med:
728 2740 922 2825 αὐτάγγελοι
949 2741 977 2807 δ’
1006 2745 1106 2809 αὐτὸν
1141 2743 1310 2807 ἰδοῦσαι

187 2865 222 2927 ἓν
252 2869 291 2944 τῇ
317 2860 437 2945 Κλάρῳ
464 2866 482 2942 ἣ
506 2885 539 2924 τε
568 2856 723 2941 Πάραλος
749 2862 803 2922 καλ
828 2866 847 2940 ἡ
869 2856 1076 2940 Σαλαμινία.
1124 2853 1169 2919 Cf.
1196 2854 1242 2918 VI
1266 2858 1308 2919 42

187 2977 283 3050 extu,
314 2971 379 3034 VII
412 2973 452 3036 25
483 2971 572 3049 init,
611 2970 694 3034 VIII
726 2972 767 3036 92
796 2973 813 3054 p
843 2972 879 3048 3,
912 2972 953 3035 99
987 2976 1063 3035 extr.
1119 2969 1311 3055 Quapropter

187 3085 295 3151 dubito
318 3108 357 3149 an
381 3092 462 3150 recte
486 3085 584 3150 Cobet
608 3085 771 3150 tentaverit
794 3085 893 3149 locum
917 3085 963 3147 IV
981 3087 1041 3150 26:
1066 3092 1206 3152 καὶτῶν
1229 3091 1309 3152 νεῶν

188 3208 245 3271 οὐκ
271 3207 412 3291 ἐχουσῶν
437 3206 535 3286 ὅρμον
562 3205 604 3266 αἱ
626 3207 700 3286 μὲν
729 3211 818 3268 σῖτον
843 3207 878 3268 ἐν
899 3213 939 3288 τῇ
959 3216 998 3287 γῇ
1020 3209 1176 3290 ᾑροῦντο,
1203 3205 1246 3267 αἱ
1268 3204 1309 3268 δὲ

185 3321 337 3406 μετέωροι
366 3319 494 3399 ὥρμουν
520 3317 626 3402 repoui
649 3316 774 3381 iubens:
801 3322 935 3400 οἱμὲν
962 3353 1000 3362 -
1027 3319 1065 3382 οἱ
1089 3315 1141 3380 δὲ.

232 3429 304 3514 Cap.
333 3431 375 3496 56
401 3437 477 3493 extr.
513 3434 676 3507 δείσαντες
702 3441 744 3516 μὴ
769 3435 956 3497 α’ποστῶσιν
980 3435 1044 3496 ὑπό
1070 3457 1103 3496 τε
1127 3430 1311 3516 Περδίκκου

191 3545 410 3630 [πειθόμενοι]
438 3553 492 3611 καὶ
518 3551 717 3633 Κορινθίων.
759 3545 832 3609 Nou
851 3543 1079 3628 concoquebaut
1094 3543 1236 3608 Graeculi
1252 3519 1325 3606 τίον

188 3659 342 3724 Passivam
369 3659 483 3724 Aoristi
506 3675 622 3744 στῆναι
647 3659 771 3743 eiusque
787 3660 1036 3745 compositorum.
1076 3659 1232 3722 Diversum
1249 3679 1313 3720 esse

188 3774 339 3839 rationem
362 3773 420 3838 loci
444 3775 497 3839 III
522 3778 563 3841 39
588 3777 604 3861 p
629 3779 666 3840 1:
698 3780 760 3858 ἐγὼ
784 3786 858 3860 γάρ,
883 3781 1001 3852 οἵτινες
1025 3779 1084 3859 μὲν
1107 3782 1148 3859 μὴ
1175 3775 1310 3840 δυνατοὶ

188 3892 297 3975 φέρειν
333 3896 393 3974 τὴν
427 3892 585 3977 ὑμετέραν
620 3894 722 3978 ἀρχὴν
758 3899 778 3975 ἤ
813 3894 929 3966 οἵτινες
961 3893 1022 3954 ὑπὸ
1055 3894 1119 3955 τῶν
1151 3889 1311 3971 πολεμίων

189 4006 456 4084 ἀναγκασθέντες
483 4006 668 4091 ἀπέστησαν
696 4004 748 4067 vix
770 4001 914 4086 estquod
931 4022 1080 4065 moneam.
1116 3998 1162 4064 Cf.
1178 3999 1222 4064 ib.
1239 4004 1253 4083 §
1270 4003 1309 4066 6:

188 4129 257 4196 τοῖς
283 4147 317 4186 τε
346 4125 604 4201 α’ναγκασθεῖσιν
632 4123 694 4185 ὑπὸ
722 4124 787 4186 τῶν
816 4118 976 4201 πολεμίων
1007 4122 1062 4181 καὶ
1090 4125 1158 4192 τοῖς
1185 4123 1311 4183 ἑκοῦσιν

188 4237 379 4302 ἀποστᾶσιν.
428 4232 526 4296 Simili
561 4233 599 4296 de
631 4255 736 4297 caussa
767 4231 993 4316 interpolarunt
1020 4232 1120 4296 locum
1144 4230 1227 4293 VIII
1251 4232 1310 4295 49:

189 4353 253 4431 ὅτῳ
277 4357 386 4436 τρόπῳ
409 4385 452 4396 ·-
473 4353 536 4416 ὑπὸ
562 4356 628 4416 τῶν
653 4352 788 4434 ἑταίρων
817 4349 1072 4435 [παρακληθεὶς]
1099 4359 1234 4427 κάτεισι,
1259 4347 1311 4410 ubi

189 4461 277 4526 facile
308 4462 384 4526 mihi
416 4461 576 4546 persuadet
600 4461 697 4526 Cobet
722 4463 890 4527 insiticium
922 4485 984 4526 esse
1016 4464 1219 4549 participium.
1266 4462 1313 4526 Si·

191 4575 304 4641 militer
335 4577 518 4662 interpolata
551 4581 598 4640 est
620 4575 768 4662 scriptura
793 4579 824 4641 iu
849 4577 948 4663 capite
976 4578 1017 4642 57
1042 4580 1058 4664 ᾧ
1082 4582 1119 4644 2:
1146 4580 1258 4656 δεδιώς
1282 4577 1312 4645 τ’
