3190 5232
713 482 754 546 33

179 673 273 757 [τῷδε
304 677 341 739 ὃν
375 674 576 756 Θουκυδίδης
607 672 840 759 ξυνέγραψεν].
890 669 949 733 Diu
982 677 1029 733 est
1059 692 1094 733 ex
1124 691 1185 754 quo
1218 673 1292 736 mihi

177 786 309 850 subnata
342 791 387 848 cst
416 785 546 870 suspicio
571 786 675 850 miram
698 785 776 848 hanc
803 783 982 862 clausulam,
1008 783 1115 848 ubiubi
1139 795 1292 865 occurrat,

177 901 247 965 olim
273 900 452 984 adscriptam
477 921 541 964 esse
566 923 582 964 a
607 899 802 983 inagistellis,
827 899 937 984 quibus
966 921 1111 963 consensu
1145 899 1295 964 debentur

178 1015 284 1080 ultima
306 1015 396 1078 verba
420 1014 515 1078 totius
540 1016 638 1099 operis
651 989 665 1078 ί
677 1020 758 1082 ὅταν
775 1021 886 1098 όμετά
903 1024 994 1081 τοῦτο
1013 1020 1047 1081 τό
1066 1017 1159 1101 θέρος
1177 1019 1294 1103 χειμὼν

176 1131 357 1216 τελευτήσῃ,
389 1131 424 1196 ἓν
451 1137 504 1196 καί
531 1135 673 1197 είκοστόν
700 1133 769 1204 έτος
794 1129 982 1214 πληροῦται.
1029 1127 1101 1190 llam
1126 1129 1191 1212 ipse
1214 1125 1296 1189 Thu-

177 1243 315 1328 cydides,
341 1250 375 1306 ut
399 1243 537 1321 arbitror,
562 1266 623 1307 nou
642 1265 702 1307 uno
718 1250 749 1305 et
767 1242 863 1305 altero
879 1242 945 1306 loco
967 1241 1017 1305 sed
1040 1241 1150 1326 ubique
1166 1240 1295 1324 siugulis

157 1356 264 1430 ¹annis
287 1355 470 1419 exeuntibus
494 1355 717 1440 adscripsisset;
741 1355 822 1438 quod
846 1378 932 1419 secus
956 1377 1019 1418 esse
1045 1355 1155 1420 docent
1178 1354 1238 1418 loci
1262 1354 1297 1417 Π

177 1475 219 1535 47
245 1472 261 1555 d
285 1475 320 1548 1,
346 1470 391 1535 IV
416 1474 495 1550 116,
520 1471 547 1530 V
571 1475 628 1550 24,
654 1471 680 1533 V
704 1476 761 1550 39,
788 1474 845 1544 51,
868 1473 923 1542 56.
952 1473 1004 1536 83.
1052 1469 1125 1533 Loci
1150 1469 1298 1533 ubiclau-

178 1585 243 1649 sula
267 1585 417 1669 reperitur
440 1585 470 1648 hi
488 1593 558 1648 sunt
583 1585 618 1649 II
642 1587 721 1662 103,
745 1585 798 1648 ΠΙ
822 1586 878 1662 25,
906 1587 963 1661 88,
983 1586 1060 1660 116,
1080 1582 1125 1645 IV
1142 1585 1198 1660 51,
1219 1583 1298 1660 135,

178 1698 223 1762 VI
249 1702 278 1777 7,
303 1700 357 1778 93,
385 1698 448 1762 VII
472 1702 528 1774 18,
554 1699 635 1782 yHI
658 1703 691 1774 6,
717 1703 775 1777 603
810 1701 840 1761 in
864 1697 973 1782 quibus
997 1697 1137 1760 omnibus
1161 1703 1298 1782 suspecta

179 1813 251 1877 mihi
284 1821 356 1877 sunt
389 1812 476 1877 verba
500 1816 649 1882 ε’τελειίτα
673 1817 754 1900 τῷδε
783 1819 820 1882 ὃν
846 1815 1049 1899 Θουκυδίδης
1076 1815 1296 1899 ξυνέγραψεν,

179 1926 270 1992 etiam
294 1933 417 2012 propter
441 1927 563 1991 verbum
589 1930 736 1995 ἐτελεύτα
758 1927 901 1992 adversus
918 1932 1108 1990 constantem
1124 1927 1299 1990 Atticorum

180 2040 430 2105 consuetudinem
455 2041 530 2104 male
554 2041 727 2124 repetitum.
752 2040 837 2104 Idem
861 2047 961 2104 tamen
987 2038 1110 2102 verbum
1133 2039 1215 2102 haud
1240 2061 1299 2102 me-

177 2155 237 2218 uus
260 2155 389 2220 iteratur
414 2155 441 2215 v
465 2158 520 2234 ει,
547 2157 588 2221 ευ
614 2162 645 2218 e
670 2156 721 2220 aa.
1116 2124 1122 2140 ’

222 2266 292 2352 Cap.
319 2271 358 2333 71
384 2274 460 2332 extr.
485 2277 544 2354 τὴν
569 2279 628 2353 γῆν
654 2279 712 2354 τὴν
737 2271 935 2337 Πλαταιίδα.
976 2268 1111 2332 Priorem
1134 2267 1295 2331 articulum

178 2389 259 2445 recte
279 2382 383 2445 omisit
405 2383 570 2468 Dionysius
595 2382 866 2446 Halicarnasensis
891 2382 1006 2446 Contra
1029 2405 1092 2468 cap.
1119 2385 1161 2446 74
1176 2385 1192 2467 d
1207 2386 1225 2450 ,1
1253 2403 1299 2446 re·

178 2495 277 2578 quiro:
300 2494 373 2562 ἀλλ’
389 2499 563 2582 οίνέχεοθαι
593 2506 646 2564 καί
672 2495 768 2583 (τὴν)
797 2508 856 2581 γῆν
885 2501 1084 2584 τεμνομένην
1102 2506 1132 2560 et
1148 2497 1189 2561 ib.
1209 2517 1294 2560 mox:

179 2615 232 2676 ἐπί
257 2607 344 2693 (τὴν)
368 2618 428 2691 γῆν
453 2612 548 2692 τήνδε
572 2613 726 2697 ἤλθομεν.

223 2723 296 2808 Οοφ.
324 2726 364 2786 73
388 2727 404 2808 d
429 2727 459 2788 2.
483 2729 601 2813 ἡμέρας
626 2725 654 2792 τ’
668 2730 835 2793 ἐσπείσατο
861 2732 902 2793 ἐν
930 2726 998 2804 αίς
1024 2733 1105 2805 είιιὸς
1128 2725 1166 2810 ἦν
1195 2750 1299 2811 κομισ-

181 2850 292 2923 θῆναι.
314 2838 439 2902 Malim:
466 2845 479 2904 ε’
489 2870 505 2906 ν
526 2844 654 2916 ὅσαις.
681 2839 797 2904 Ibidem
814 2848 882 2924 post
902 2862 996 2924 pauca
1010 2841 1043 2903 iu
1063 2839 1164 2904 codice
1183 2840 1296 2903 Dauico

179 2954 315 3039 speciose
338 2953 452 3038 legitur
474 2955 744 3037 α’ναγγέλλοντες
766 2955 787 3018 i.
805 2977 830 3020 c.
856 2955 1085 3020 renuntiantes
1106 2976 1160 3039 pro
1184 2959 1300 3036 docy-

180 3070 360 3151 μέλλοντες.

225 3181 297 3267 Cap.
313 3184 354 3246 74
372 3188 448 3246 extr.
466 3182 642 3246 lacunosum
660 3183 779 3247 videtur
785 3210 794 3261 ς
813 3183 915 3248 edam:
934 3187 1160 3269 ξυγγνώμονες
1177 3185 1214 3267 δή
1232 3189 1300 3250 ἐστι

183 3347 283 3364 ......
308 3309 363 3382 τῆς
386 3304 444 3382 μέν
469 3300 599 3376 οίάικίας
625 3299 819 3376 κολάζεσθαι
845 3309 912 3374 τοῖς
929 3303 1107 3386 ὑπάρχοντι
1122 3301 1301 3384 προτέροις,

181 3425 235 3497 τῆς
257 3414 290 3479 δέ
316 3417 467 3500 τιμωρίας
492 3420 664 3500 τυγχάνειν
685 3423 750 3490 τοῖς
775 3417 961 3500 ἐπιφέρουσι
984 3418 1134 3499 νομίμως.
1185 3411 1234 3475 Ira
1252 3423 1303 3475 au·

182 3536 241 3592 tem
267 3549 329 3591 nou
350 3526 435 3590 video
458 3526 530 3611 quid
556 3527 663 3590 melius
687 3528 834 3591 inseratur
856 3550 945 3612 quam
970 3526 1059 3592 verba
1087 3534 1157 3594 καὶ
1186 3528 1302 3600 δότε,

182 3665 242 3726 quo
273 3642 352 3705 facto
384 3640 473 3703 simul
504 3640 654 3705 Infinitivi
679 3645 874 3722 κολάζεσθαι
899 3651 930 3708 οί
958 3652 1131 3731 τυγχάνειν
1149 3640 1304 3706 habebunt

183 3780 243 3841 quo
275 3756 458 3832 referantur,
489 3756 578 3820 sirnul
602 3756 698 3820 facilis
720 3758 882 3842 explicatio
906 3759 965 3822 erit
986 3757 1164 3822 Dativorum
1192 3754 1305 3818 Partic.

184 3883 250 3949 τοῖς
273 3877 449 3959 ὑπάρχουσι
478 3880 510 3934 et
537 3883 603 3950 τοῖς
631 3876 825 3960 ἐπιφέρουσι.

229 3987 305 4073 Cap.
332 3988 372 4053 75
397 3988 414 4071 d
440 3991 466 4051 2.
493 3990 571 4055 ὥστε
597 3992 669 4064 τοιίς
691 3995 750 4073 μὲν
776 3991 932 4075 φέρειν.
957 3983 1059 4049 Scribe
1083 3995 1246 4072 φορεῖν,
1273 3990 1308 4048 ut

186 4076 266 4165 recte
301 4099 415 4184 legitur
449 4101 478 4164 iu
503 4103 700 4186 praegressis:
725 4110 905 4188 ἐφόρουν
928 4104 957 4168 δ’
981 4103 1061 4189 ὕλην
1088 4109 1118 4180 ἐς
1144 4103 1221 4168 αὐτὸ
1251 4106 1305 4168 καί

188 4217 302 4294 λίθους
328 4223 381 4282 καί
406 4226 466 4300 γῆν
490 4223 520 4280 οί
544 4216 577 4280 iu
601 4223 736 4280 extremo
760 4217 857 4301 capite
882 4223 1051 4302 ἐσεφόρουν
1077 4223 1135 4299 τὴν
1158 4226 1228 4300 γῆν.
1258 4213 1305 4278 Of.

189 4352 259 4393 mox
282 4352 347 4413 cap.
375 4332 433 4408 76,
459 4332 516 4401 77,
544 4328 591 4392 VI
616 4331 656 4394 99
681 4330 698 4413 d
724 4331 738 4392 1
767 4337 797 4393 et
822 4332 885 4396 100
907 4337 983 4395 extr.

233 4443 305 4530 (lap.
331 4446 382 4508 76.
419 4448 517 4511 ένθεν
549 4445 582 4510 δέ
616 4450 670 4544 γαί
699 4447 796 4513 ένάεν
829 4450 926 4514 αὐτοῦ
955 4449 1127 4533 οἰρξάμενοι
1161 4449 1225 4512 οίιτὸ
1256 4449 1310 4512 τοῦ

191 4563 326 4649 βραχέος
355 4565 479 4648 τείχους
512 4569 556 4628 dar
591 4571 661 4628 τοῦ
695 4565 814 4636 ἐντὸς
845 4562 1013 4648 μηνοειδές
1045 4559 1089 4650 [ές
1116 4566 1175 4643 τὴν
1200 4557 1311 4646 πόλιν]

1158 4673 1178 4744 3
