3190 5232
824 493 865 559 66

284 691 367 752 τότε
392 689 408 749 ὃ
427 682 491 766 (pro
510 689 574 748 καὶ
599 688 645 758 ὡς
660 680 760 779 τότε)
786 681 963 766 ἐμέλλησαν
989 684 1094 746 ονιιίτι
1115 682 1301 756 οίνίντων,
1320 679 1404 745 ittet

283 805 355 883 περί
387 801 494 880 σφίσιν
528 800 638 874 αὐτοῖς
677 796 887 882 φοβουμένων
926 793 975 878 [τό
1014 793 1198 879 κατάδηλον
1238 790 1296 856 del.
1332 791 1402 876 Kr.]

286 914 370 998 [nort]
397 913 688 999 καταβιασαμίνων
712 915 801 995 παρὰ
823 916 955 994 γνώμην
977 914 1050 984 τούς
1074 908 1223 984 πολλοιίς.
1248 905 1356 969 Vertot
1374 911 1404 970 et

282 1027 383 1094 simnt
399 1027 480 1115 quin
499 1025 685 1112 proditores
708 1043 844 1089 nnmem
865 1023 1018 1112 qnam-uio
1030 1020 1133 1107 ponci
1157 1026 1259 1086 essent
1284 1018 1405 1084 nitito·

282 1141 393 1207 minns
420 1146 496 1205 tnnc
515 1138 721 1225 propositnm
743 1157 840 1203 annm
866 1156 932 1202 non
956 1135 1101 1222 omptim
1127 1133 1268 1220 seqniten
1296 1131 1404 1219 opita·

283 1260 418 1333 oenont,
446 1253 502 1319 sed
527 1253 590 1319 sibi
613 1252 694 1339 ipsis
716 1259 895 1318 metuentes
910 1251 1038 1339 plebem
1057 1256 1194 1337 praetor
1218 1247 1403 1335 opinionem

282 1369 317 1435 oi
337 1373 587 1454 superauerunt.

327 1481 400 1565 Cap.
426 1481 489 1546 125
513 1481 531 1564 ᾧ
556 1484 585 1545 2.
611 1483 779 1567 Βρασίδας
804 1483 837 1547 δὲ
862 1487 929 1567 ἅμα
953 1491 993 1566 τῇ
1015 1482 1057 1566 ίῳ
1080 1486 1123 1558 oio
1144 1478 1206 1546 εἶδε
1227 1483 1301 1554 νοός
1326 1486 1403 1544 Μα-

283 1600 419 1676 κέδονας
439 1603 827 1684 προκεχωρηκότας.
865 1595 940 1675 Qui,
967 1604 1001 1659 ut
1024 1596 1053 1660 h.
1077 1598 1099 1661 l.
1124 1593 1321 1670 Macedones,
1347 1620 1403 1659 nm·

282 1722 456 1789 ταστύιντες
493 1717 523 1789 ἐς
554 1749 598 1760 --
629 1719 734 1796 φυγὴν
771 1725 924 1800 χωροῦσιν
957 1712 1008 1778 ἔπ’
1035 1716 1128 1779 cinno
1154 1709 1204 1792 (cf.
1227 1709 1245 1792 δ
1270 1710 1301 1789 1)
1325 1706 1402 1770 male

284 1827 427 1891 dicuntur
438 1837 626 1915 προχωρεῖν,
647 1826 785 1911 quocirca
801 1827 1006 1910 reponendum
1019 1825 1096 1890 duoo
1111 1853 1160 1907 πρ
1171 1852 1218 1891 oa
1228 1851 1246 1891 ν
1256 1849 1403 1909 αιιεχω·

281 1970 356 2028 ρηιι
366 1951 383 2008 ό
393 1968 474 2018 τας.
501 1939 551 2004 Ita
571 1939 693 2005 demum
716 1948 796 2004 recte
812 1940 962 2025 sequitur:
976 1971 995 2007 ιι
1005 1948 1045 2007 αἱ
1059 1945 1180 2015 αὐτὸς
1193 1939 1401 2006 -διενοεῖτο

281 2058 530 2141 οἷναχωρεῖν.
568 2052 614 2118 Of.
640 2057 702 2119 128
727 2055 744 2138 q
769 2056 1007 2140 δόργιζόμενοι
1031 2091 1073 2102 -
1097 2065 1136 2141 τῇ
1160 2080 1400 2140 προαναχω·
1499 2099 1502 2104 -

280 2177 394 2255 ρήσει
431 2174 496 2235 τῶν
520 2169 734 2236 Μακεδόνων.
759 2169 778 2236 †
801 2167 919 2232 Ibidem
942 2171 1138 2251 ξυναγαγὼν
1164 2174 1218 2234 καὶ
1239 2171 1335 2242 αὐτὸς
1361 2171 1375 2231 ε’
1383 2194 1399 2242 ς

281 2291 546 2368 τετράγωνον
565 2286 675 2361 τάξιν
693 2290 765 2361 τοός
781 2285 927 2360 ὁπλίτας,
954 2281 1080 2366 Scripsit
1090 2279 1297 2364 Thucydides,
1316 2279 1398 2363 quod

282 2400 395 2458 veteres
419 2394 450 2458 in
475 2416 509 2457 ea
533 2415 564 2458 re
588 2403 763 2459 constanter
786 2396 909 2473 dicunt,
935 2404 973 2473 ἐς
998 2397 1218 2470 πλαίσιον,
1237 2393 1324 2458 ouius
1338 2393 1398 2457 lec-

281 2507 375 2571 tionis
399 2492 550 2592 vnlgatam
575 2510 874 2593 interpretamentum
889 2532 954 2574 esse
971 2510 1034 2574 noli
1058 2509 1206 2574 dubitare.
1233 2507 1281 2572 ef.
1298 2506 1343 2570 VI
1357 2511 1397 2573 67

281 2621 384 2707 ibique
401 2623 473 2688 adn.
491 2623 689 2690 scholiastae:
714 2632 747 2695 ἐν
765 2628 919 2713 πλαισίῳ]
940 2634 975 2696 ἐν
992 2633 1184 2712 τετραγώνῳ
1203 2635 1341 2714 σχήματι
1361 2625 1397 2703 Ῑλ·

230 2803 233 2814 ,
280 2736 362 2803 tna
385 2738 451 2801 loco
474 2738 521 2801 VI
544 2743 585 2805 22
614 2741 740 2805 Pierson
764 2741 802 2804 ad
827 2742 921 2806 Moer.
946 2765 974 2826 p.
1004 2742 1067 2805 219
1095 2762 1148 2824 pro
1171 2742 1398 2826 πεφραγμένας

280 2860 397 2939 κριθὰς
420 2861 525 2918 nostro
550 2855 681 2920 reddidit
707 2867 870 2943 ιιάχρος.
896 2856 941 2919 ef.
967 2855 1031 2920 eius
1054 2855 1185 2919 Praefat.
1202 2877 1231 2939 p.
1249 2852 1388 2917 XXXII.

324 2965 396 3050 Gap.
424 2970 486 3034 126
511 2969 607 3053 §ii
631 2972 789 3056 πολεμικὰ
813 2991 867 3054 pro
888 2971 1034 3054 πολέμια.
1051 2971 1127 3052 -q
1152 2972 1180 3033 4.
1210 2966 1302 3047 Quod
1326 2989 1397 3031 con·

279 3080 392 3145 iectum
425 3089 469 3146 est
500 3096 552 3169 τῷ
586 3091 716 3172 οἰηθεῐ
746 3106 799 3168 pro
824 3087 978 3169 πλήθει
1009 3085 1081 3149 ferri
1108 3085 1220 3168 possit,
1255 3085 1280 3148 si
1307 3081 1397 3146 simul
1444 3105 1448 3112 ·

279 3194 430 3259 scribatur
461 3197 541 3282 (τῆς)
576 3206 689 3286 ὄψεως.
737 3198 784 3264 Of.
818 3199 876 3262 Di0
903 3199 936 3263 C.
961 3199 1055 3264 XLII
1080 3201 1162 3283 276
1195 3204 1212 3265 1
1244 3207 1321 3288 ὄψις
1356 3240 1396 3249 -

280 3313 397 3397 αἠόης.
445 3311 560 3376 Lenius
584 3320 685 3378 tamen
710 3315 858 3399 corrigas:
883 3318 1029 3399 οἰηθείη
1052 3321 1165 3400 ὅψεως.
1213 3313 1260 3379 Of.
1284 3313 1330 3377 VI
1354 3316 1394 3379 31

279 3430 356 3489 extr.
392 3426 509 3513 τόλμης
548 3455 580 3493 τε
613 3434 733 3516 θάμβει
767 3434 823 3496 καί
857 3436 991 3517 ὄψεως
1024 3431 1301 3515 λαμπρότητι.
1348 3428 1394 3494 Ib.

278 3539 295 3622 δ
318 3541 337 3603 6
363 3546 466 3626 κόσμῳ
494 3540 562 3623 [καί
587 3545 690 3627 τάξει]
710 3539 808 3620 αὖθις
824 3548 1058 3625 ὑπαγαγόντες.
1087 3542 1176 3626 Apud
1192 3542 1395 3626 Thucydidem

278 3658 310 3715 et
334 3653 519 3737 antiquiores
545 3664 657 3740 κόσμος
682 3679 771 3742 saepe
794 3657 871 3721 nihil
895 3657 977 3721 aliud
1001 3657 1152 3742 significat
1175 3680 1264 3742 qnam
1291 3664 1392 3738 τάξις.
1514 3667 1518 3680 ’

322 3765 394 3852 Oap.
421 3772 483 3834 127
508 3771 524 3854 δ
548 3773 578 3835 2.
603 3769 637 3835 Ιι.
663 3781 728 3839 τῶν
754 3775 835 3857 ipio)
857 3780 937 3857 μετὰ
955 3775 1123 3860 Βρασίδαν
1141 3775 1307 3858 Ἑλλήνων
1325 3781 1391 3841 ατί.

322 3880 395 3968 Cap.
420 3885 484 3950 128
508 3891 583 3950 extr.
609 3891 673 3954 τῶν
699 3888 725 3954 δ’
751 3892 940 3968 οἰναγιιαίων
957 3892 1126 3974 §opnione
1147 3888 1395 3965 διαναστάς·

278 3995 327 4058 An
353 3998 372 4063 δ
382 3999 557 4076 ιαστόις,9
1394 3992 1395 3995 =

323 4106 394 4193 Cap.
422 4113 484 4177 129
508 4116 525 4198 δ
549 4117 569 4178 3
616 4121 757 4202 ἐχώρουν
783 4121 821 4193 ἐς
842 4122 916 4193 τούς
943 4119 1146 4196 Μενδαίους.
1169 4119 1190 4183 l.
1214 4125 1279 4187 ἐπί.
1303 4129 1323 4196 †
1347 4119 1393 4185 Ib.

277 4225 294 4307 δ
328 4227 349 4288 4
381 4233 435 4293 καὶ
469 4232 510 4304 ἐς
541 4231 652 4310 ὀλίγον
682 4235 815 4313 οίφίκετο
844 4267 887 4278 -
918 4242 1106 4318 νικηθῆναι.
1139 4233 1242 4320 Praep.
1276 4243 1306 4312 ἐς
1334 4257 1395 4300 non

279 4393 471 4403 ——-—-.-..—.

311 4484 333 4543 1)
355 4485 466 4535 Librariis
484 4488 589 4549 ignotum
609 4491 743 4540 vocabulum
762 4508 810 4540 esso
828 4499 923 4555 apparet
943 4509 1032 4556 quoque
1050 4511 1061 4542 e
1086 4495 1135 4544 ioco
1156 4495 1202 4546 vll
1220 4497 1266 4554 78,
1294 4497 1331 4546 ubi
1351 4515 1393 4561 pro

276 4579 353 4632 vertis
369 4580 396 4630 ἐν
417 4581 565 4650 πλαισίῳ
583 4583 607 4631 in
626 4585 705 4633 rnuttis
721 4585 787 4636 codd.
806 4587 890 4648 tegitur
907 4587 935 4636 ἐν
953 4587 1133 4638 διπλασία.
