3166 5230
809 475 868 538 112

323 661 360 726 0.
381 661 396 724 7
423 660 489 726 init.
514 661 756 748 πλωιμωτίρων.
782 662 889 726 Veram
901 661 1027 742 formam
1045 665 1177 748 πλόιμος
1195 662 1306 748 ubique
1318 665 1400 730 Thu·

279 777 380 863 cydidi
408 775 542 840 reddidit
568 775 695 842 Bekker.
743 776 903 842 Formatur
928 777 1007 842 enim
1030 801 1047 842 a
1072 781 1169 857 πλόος
1196 781 1337 867 (πλοῦς),
1366 788 1401 845 ut

279 894 431 979 κάλλιμος
458 916 475 956 a
507 893 642 968 κάλλος,
678 899 807 976 νόμιμος
833 915 849 955 a
881 901 996 976 νόμος,
1031 903 1192 978 κάμπιμος
1224 919 1240 958 a
1268 910 1396 980 κάμπη,

279 1013 405 1094 α’ίοιμος
440 1005 487 1070 ob·
506 1005 582 1076 αἶσα
611 1012 680 1072 oett.
730 1006 890 1071 Difficilius
913 1014 959 1070 est
987 1007 1086 1087 dictu,
1113 1017 1180 1072 utra
1207 1009 1301 1074 forma
1328 1034 1400 1096 pro-

277 1122 374 1188 banda
405 1121 445 1186 ait
476 1144 540 1207 cap.
574 1122 615 1185 13
644 1121 818 1202 ἐπλὼιζον,
851 1145 941 1205 quam
970 1131 1090 1186 servant
1118 1123 1224 1202 codd,
1248 1146 1398 1209 quamque

279 1243 375 1301 metro
404 1242 532 1300 tuentur
555 1233 681 1299 Heriod.
708 1233 787 1320 opp.
811 1235 876 1300 634
899 1241 931 1298 61
955 1235 1045 1299 Ηοω.
1071 1235 1109 1300 11.
1136 1241 1195 1317 24,
1223 1241 1263 1303 12
1288 1261 1398 1305 seeun-

280 1351 351 1415 dum
375 1350 534 1416 lectionem
558 1371 605 1434 ap.
629 1349 786 1413 Platonem
810 1349 886 1435 Rep.
911 1349 964 1413 ΙΙΙ
983 1373 1011 1435 p.
1036 1351 1099 1417 388
1117 1353 1159 1427 A,
1179 1375 1216 1416 an
1234 1354 1395 1434 ἐπλόιζον.

277 1465 366 1530 Illam
401 1473 505 1529 tamen
541 1464 728 1549 probaverim
761 1465 881 1528 ductam
920 1465 1064 1530 annieo
1088 1467 1204 1540 πλὼω,
1232 1473 1267 1531 ut
1294 1469 1398 1548 δαΐζω
1474 1533 1479 1540 ,

277 1584 401 1656 οδαίω,
420 1581 558 1663 οίλεγίζω
574 1579 612 1644 ab
635 1580 751 1662 οίλέγω,
776 1583 889 1660 αι’τίζω
908 1577 945 1643 ab
970 1588 1062 1660 αίτὼ,
1082 1585 1217 1668 ἐρεθίζω
1229 1580 1266 1645 ab
1282 1585 1395 1668 ἐρέθω,

277 1696 386 1762 similia
410 1695 517 1760 multa.
1140 1674 1142 1679 .

322 1809 355 1876 0.
372 1812 390 1876 9
416 1812 576 1897 ε’πηλύτην
602 1832 662 1874 uon
687 1809 781 1894 magis
796 1807 951 1872 ferendum
965 1816 1039 1894 puto
1054 1831 1144 1892 quam
1158 1810 1183 1873 si
1197 1811 1265 1895 quia
1281 1811 1396 1874 Graece

280 1923 413 1990 scribens
443 1931 605 2009 usurparet
635 1925 789 2011 οεηλϋτης
816 1931 871 1986 ant
903 1925 1081 2011 ουνηλυίτης
1116 1947 1170 2009 pro
1198 1928 1312 2012 νέηλυς
1341 1932 1396 1989 aut

281 2041 417 2128 οννηλυς
446 2039 714 2126 τ61προοηλολτης
742 2060 795 2122 pro
822 2039 1030 2125 προοηλυτος.
1078 2039 1289 2124 Relinquenda
1314 2039 1396 2102 enim

281 2153 428 2219 eiusmodi
453 2152 565 2218 formae
594 2151 793 2239 sequioribua
840 2152 918 2216 Vide
940 2151 1191 2219 Valckenaerium
1208 2155 1245 2217 ad
1262 2157 1395 2218 Ammon

279 2291 308 2352 p.
334 2271 387 2333 32.
432 2266 548 2332 Locum
572 2267 785 2352 Xenophontis
815 2265 925 2332 Oeeon.
952 2267 1001 2330 XI
1025 2271 1041 2354 6
1063 2271 1083 2332 4
1109 2269 1304 2354 depravatum
1330 2290 1395 2333 esse

279 2403 342 2446 esse
373 2404 461 2446 nemo
488 2382 548 2446 iem
573 2381 703 2446 dubitat.
751 2380 887 2445 Reddam
910 2381 1007 2467 igitur
1030 2382 1199 2468 Thucydidi
1227 2383 1392 2466 ἐπήλυδα,

279 2504 314 2561 ut
339 2495 411 2560 alibi
436 2497 548 2582 legitur
579 2497 660 2582 apud
690 2519 758 2560 eum
787 2498 825 2579 (v.
848 2519 874 2561 ο.
899 2499 940 2562 29
964 2500 1053 2582 extr.)
1079 2497 1280 2582 probatosque
1302 2497 1395 2582 scrip·

259 2621 360 2676 'tores
383 2634 497 2678 omnes,
533 2651 572 2660 -
609 2611 648 2675 Iu
671 2617 805 2676 extremo
834 2611 932 2696 capite
960 2633 1013 2696 pro
1038 2616 1147 2698 εἴησαν
1177 2634 1249 2676 usus
1275 2611 1395 2698 Thucy·

278 2727 384 2792 dideus
408 2727 545 2813 postulat
570 2726 647 2806 εἷεν,
674 2732 705 2791 61
730 2727 772 2790 sie
797 2727 942 2810 corrigam
966 2725 1001 2790 II
1026 2729 1084 2806 72,
1109 2727 1162 2791 III
1187 2731 1245 2808 22,
1271 2727 1317 2791 VI
1341 2729 1393 2794 96.

277 2843 382 2908 Altera
405 2842 501 2907 forma
528 2841 659 2927 legitur:
689 2840 707 2904 I
732 2843 783 2916 67,
807 2840 843 2904 ΙΙ
868 2844 926 2920 11,
952 2841 1004 2905 ΙΙΙ
1028 2841 1159 2924 10,IV
1186 2846 1238 2922 27,
1265 2843 1322 2918 93,
1348 2842 1395 2906 VI

279 2960 339 3036 11,
371 2957 431 3039 85,
465 2955 546 3034 VIII
578 2956 636 3034 45,
666 2959 717 3020 72.
765 2955 913 3020 Similiter
940 2954 1058 3020 brevior
1085 2957 1179 3021 forma
1205 2956 1395 3022 restituenda

277 3071 292 3134 I
317 3073 358 3138 38
387 3093 441 3156 pro
466 3078 743 3158 ἐκπεμφθείησαν,
772 3071 817 3135 VI
842 3075 884 3137 64
908 3093 961 3156 pro
984 3077 1218 3159 γνωσθείηοαν,
1245 3069 1327 3135 VIII
1350 3072 1393 3137 53

276 3208 329 3271 pro
357 3191 511 3272 φαίηοαυ,
545 3185 580 3249 ΙΙ
603 3189 646 3250 43
671 3208 724 3271 pro
749 3187 958 3273 οφαλείηοαο,
992 3185 1109 3250 collatis
1130 3185 1206 3250 loeis
1229 3185 1325 3250 bisce:
1358 3186 1394 3250 ΙΙ

276 3305 319 3370 40
343 3311 499 3387 κριδεῖεν,
531 3299 583 3364 III
610 3304 648 3366 71
682 3301 891 3374 δουλωθεῖεν,
917 3299 963 3366 IV
990 3303 1029 3366 19
1059 3311 1254 3391 χειρωθεῖεν,
1282 3301 1327 3365 IV
1350 3302 1391 3367 37

277 3417 505 3486 ε’πικλαοθεῖεν
542 3423 572 3478 et
606 3425 786 3502 ηὀοηθεῖεν,
822 3414 868 3477 IV
901 3416 943 3482 58
973 3416 1220 3498 ξυναλλαγεῖεν,
1257 3415 1390 3481 1an

277 3537 476 3621 οἷνοιχθεῖεν,
509 3529 556 3594 IV
581 3533 643 3597 126
668 3538 887 3617 αἰσχυνθεῖεν,
912 3531 957 3594 VI
985 3533 1027 3597 34
1051 3532 1301 3614 καταπλαγεῖεν,
1328 3530 1393 3594 VII

277 3647 317 3711 25
345 3654 525 3732 ηοσηθεῖευ,
559 3643 640 3708 VIII
668 3646 707 3710 81
734 3645 936 3724 διαλυθεῖεν,
975 3645 1028 3710 III
1052 3648 1092 3712 68
1117 3657 1225 3730 φαῖεν,
1261 3644 1322 3708 VII
1350 3647 1391 3709 44

276 3749 469 3850 καταβαῖεν,
497 3759 515 3823 Ι
539 3762 579 3825 99
604 3765 780 3828 ἀποσταῖεν
805 3764 862 3825 eto.
909 3759 980 3824 Non
1003 3760 1098 3846 magis
1123 3759 1270 3825 dubitabo
1286 3759 1392 3824 reseri-

276 3873 344 3939 bere
367 3878 478 3962 δοκοίη
500 3897 554 3960 pro
578 3876 669 3942 δοκοῖ
695 3873 730 3937 II
759 3875 817 3952 79,
844 3877 908 3940 100
932 3882 962 3938 61
989 3876 1042 3941 ΙΙΙ
1068 3879 1097 3954 6,
1124 3879 1391 3964 αυ1προοχωροίη

276 4011 329 4073 pro
356 4001 533 4078 προοχωροῖ
558 3989 605 4054 IV
633 3990 705 4057 105.
752 3987 798 4054 Cf.
821 3993 972 4076 α’πιοτοίη
996 3990 1013 4054 Ι
1037 3994 1094 4067 10,
1131 3993 1242 4078 δοκοίη
1266 3990 1284 4054 Ι
1308 3990 1388 4064 136,

276 4101 321 4165 1V
348 4106 405 4178 11,
430 4103 476 4168 VI
500 4105 558 4180 34,
585 4107 763 4192 προχωροίη
787 4102 858 4185 111
884 4106 919 4182 1,
945 4104 1165 4190 ταλαιπωροίη
1182 4103 1200 4166 Ι
1217 4105 1297 4182 134,
1313 4109 1390 4171 ὑπο·

277 4221 392 4304 χωροίη
426 4215 472 4280 IV
505 4220 565 4291 10,
601 4221 716 4304 χωροίη
750 4215 795 4280 VI
820 4219 878 4296 20,
911 4223 1044 4304 κρατοίη
1078 4217 1124 4281 IV
1150 4221 1225 4298 107,
1252 4218 1390 4302 ὠφελοίη

276 4330 358 4397 VIII
390 4334 448 4412 23,
480 4338 586 4420 αἰτοίη
613 4331 694 4396 VIII
718 4332 778 4411 56,
802 4338 999 4419 παραινοίην
1029 4331 1075 4396 VI
1099 4335 1136 4411 9,
1161 4332 1320 4419 ὠφελοίην
1346 4329 1391 4394 VI

277 4448 337 4526 92,
361 4453 419 4513 616.
443 4446 598 4512 Vitiosum
626 4468 746 4534 quoque
774 4453 820 4510 est
844 4450 1045 4536 ξυμβαίημεν
1069 4470 1124 4533 pro
1148 4449 1328 4534 ξυμβαῖμεν
1345 4443 1391 4508 IV

276 4559 316 4623 61
343 4565 373 4623 61
405 4564 512 4649 ε’ίημεν
537 4583 591 4647 pro
612 4559 697 4648 εἶμεν
714 4561 732 4625 Ι
749 4562 791 4628 33
806 4572 838 4626 61
855 4563 1047 4651 σφαλείημεν
1072 4586 1124 4649 pro
1148 4562 1320 4647 σφαλεῖμεν
1346 4557 1390 4624 VI
