3190 5232
821 508 840 577 λ

271 693 478 767 adnotatione.
525 697 664 784 Denique
699 723 759 765 uno
789 701 856 765 loco
891 701 923 766 in
958 701 1015 765 hoc
1049 699 1148 786 capite
1179 699 1386 788 Thucydidem

272 814 407 881 eiusdem
440 816 551 881 codicis
575 822 605 880 et
626 815 698 880 libri
729 816 925 880 Monacensis
957 839 1014 902 ope
1038 815 1196 880 emendare
1219 816 1324 881 licebit
1347 817 1390 881 le-

270 930 386 1017 gendo:
420 940 666 1018 τεκμαιρόμενος
699 931 740 1013 (si
773 931 842 1015 quis
876 960 908 999 τι
937 931 972 996 ·h.
997 931 1018 995 l.
1050 929 1122 994 addi
1152 931 1292 1010 iusserit,
1328 954 1389 996 non

271 1045 401 1130 obnitar)
426 1051 477 1114 ὃτι
501 1051 699 1132 α’κμάζοντις
726 1043 807 1134 ᾖσαν
836 1052 867 1125 ἐς
893 1050 990 1114 αυτόν
1020 1053 1084 1111 κτέ.
1109 1045 1219 1109 omissa
1244 1045 1390 1130 particula

271 1191 304 1229 τι
328 1167 399 1246 post
420 1164 630 1246 ἀκμάζοντες,
657 1183 694 1224 ea
714 1159 799 1224 ouius
819 1159 956 1224 vocabuli
977 1161 1069 1224 cauda
1085 1160 1290 1247 dittographia
1305 1161 1389 1226 nasci

268 1275 356 1340 facile
378 1276 489 1360 potuit.
519 1274 701 1340 Coniectura
724 1297 799 1360 opus
823 1283 868 1339 est
891 1275 923 1340 in
948 1275 1045 1340 verbis
1069 1280 1267 1361 praegressis:
1293 1281 1388 1362 ἀρξά-

267 1419 361 1476 μενος
385 1393 481 1468 εὐθυς
506 1392 749 1475 καθισταμένου
768 1391 852 1476 [καὶ]
880 1391 1012 1467 ἐλπίσας
1034 1393 1137 1476 μέγαν
1162 1399 1310 1468 ἔσεσθαι,
1336 1389 1388 1454 ubi

270 1527 358 1590 quam
381 1504 554 1589 importuna
578 1503 619 1566 sit
644 1503 751 1587 copula
776 1485 1015 1587 non'praeteriit
1037 1502 1220 1587 Kriigerum.
1261 1504 1388 1568 Floren-

266 1621 349 1684 tinus
372 1642 476 1696 meus,
500 1618 581 1703 quod
609 1617 713 1697 doleo,
737 1617 770 1682 in
793 1619 852 1681 fine
876 1618 983 1702 capitis
1006 1641 1067 1682 non
1088 1619 1237 1683 stabilivit
1264 1619 1387 1704 elegan-

266 1743 326 1800 tem
351 1734 556 1799 coniecturam
580 1731 707 1797 Cobeti:
744 1739 777 1799 ἐκ
803 1735 837 1800 δέ
862 1739 1039 1821 τεκμηρίων
1064 1741 1114 1813 ὡς
1143 1755 1197 1818 pro
1221 1725 1268 1802 ὧν
1293 1733 1386 1817 (quod

265 1850 389 1913 affertur
412 1870 429 1912 e
453 1870 546 1932 marg.
581 1847 646 1913 cod.
678 1847 766 1912 Bodl.
792 1869 840 1932 ap.
868 1847 959 1911 Dion.
989 1869 1019 1931 p.
1046 1849 1134 1933 858),
1169 1847 1269 1911 deleto
1297 1848 1386 1912 verbo

268 1969 404 2048 replica:
429 1963 482 2027 sed
506 1962 654 2026 tralaticio
678 1962 845 2026 scribarum
868 1983 967 2025 errore
993 1971 1191 2048 μακρότερον
1217 1961 1308 2026 habet
1333 1985 1386 2048 pro

265 2087 480 2164 μακρότατον.
516 2075 641 2161 Optime
662 2084 766 2140 contra
789 2075 948 2140 observata
972 2077 1047 2140 crasi
1064 2075 1095 2140 in
1112 2076 1178 2161 ipso
1202 2078 1311 2162 capitis
1326 2079 1386 2143 fine

266 2191 402 2257 exhibet:
427 2197 499 2259 οὔτι
517 2195 548 2268 ἐς
565 2188 705 2269 τᾶλλα,
728 2213 804 2276 quae
820 2191 913 2254 erasis
926 2189 1038 2275 ubique
1054 2190 1189 2255 locorum
1209 2191 1384 2258 revocanda.

309 2303 385 2390 Cap.
410 2308 439 2370 2.
463 2304 544 2369 Flet.
568 2305 686 2368 omittit
707 2307 809 2385 ἀδεῶς
832 2311 863 2368 et
887 2327 955 2368 mox
986 2308 1059 2373 οὐδὲ
1091 2315 1150 2389 γῆν
1176 2315 1388 2390 φυτεύοντες,

265 2420 342 2484 male
366 2427 546 2504 utrumque;
571 2442 627 2483 uec
650 2419 759 2482 melius
780 2419 811 2482 in
828 2419 1008 2504 praegressis
1024 2419 1145 2484 exhibet
1160 2422 1386 2499 ἀπολιπόντες.

264 2507 458 2617 Non'magis
490 2532 643 2618 probanda
666 2533 801 2598 eiusdem
834 2532 905 2597 libri
936 2534 1084 2618 scriptura
1106 2534 1137 2598 in
1162 2533 1260 2598 verbis
1283 2535 1386 2620 proxi-

266 2649 340 2713 mis:
365 2654 425 2716 ὑπό
451 2678 548 2718 τινων
574 2649 747 2721 πλειόνων,
782 2647 893 2711 omissa
919 2670 990 2712 voce
1014 2654 1081 2726 όιί,
1117 2672 1193 2733 quae
1217 2671 1289 2712 sane
1318 2672 1384 2715 cum

263 2764 441 2848 pronomine
464 2761 625 2827 indefinito
649 2761 812 2826 coniuncta
836 2761 919 2826 valde
946 2762 1022 2827 mihi
1045 2762 1197 2848 displicet,
1230 2772 1261 2827 et
1284 2763 1386 2850 displi-

265 2877 330 2941 cuit
353 2876 412 2940 iam
436 2875 613 2955 Schaefero‚
646 2875 697 2961 qui
731 2875 768 2939 ad
800 2869 924 2963 Dionys.
948 2876 969 2940 l.
994 2877 1015 2941 l.
1050 2878 1197 2941 coniicere
1228 2879 1386 2963 occupavit

265 2996 325 3058 όπό
350 3003 430 3059 τῶν
454 2995 504 3058 aa
528 2992 701 3070 πλειόνων,
726 2990 982 3075 quemadmodum
1006 2991 1168 3074 legendum
1185 3014 1249 3056 esse
1271 2991 1385 3056 dudum

263 3111 295 3170 et
318 3111 374 3188 ego
398 3107 568 3189 suspicatus
598 3129 673 3171 sum.
722 3105 857 3170 Eandem
886 3115 988 3170 antem
1021 3106 1180 3171 lectionem
1204 3129 1220 3171 e
1246 3107 1383 3194 Dionysii

264 3219 376 3283 Aldina
399 3220 537 3284 enotavit
560 3220 692 3286 Goeller.

88 3341 166 3429 QM
192 3353 223 3465 y)
306 3337 320 3418 b
345 3338 375 3400 2.
414 3335 578 3423 Ἕλληνος
603 3339 637 3403 δέ
663 3343 717 3402 καλ
742 3344 807 3404 τῶν
825 3338 953 3404 παίδων
971 3341 1070 3406 αὐτοῦ
1096 3343 1130 3404 ἐν
1156 3347 1195 3424 τῇ
1218 3341 1383 3405 Φθιώτιδι

145 3440 148 3470 ι

207 3495 220 3508 »
264 3454 462 3538 ἰσχυσάντων
487 3458 541 3518 καλ
568 3454 776 3535 ἐπαγομένων
804 3450 948 3536 [αὐτούς]
976 3452 1026 3520 ἐπ’
1042 3455 1165 3539 ὠφελία
1191 3462 1222 3533 ἐς
1246 3462 1302 3532 τὰς
1325 3456 1384 3520 ἄλ·

262 3564 320 3640 λας
343 3565 463 3641 πόλεις.
508 3563 580 3628 Non
604 3573 718 3649 exputo
742 3587 794 3628 cur
817 3573 921 3630 noster
943 3576 1012 3650 post
1037 3573 1247 3654 ἐπαγομένων
1271 3569 1382 3634 addere

260 3676 402 3742 maluerit
425 3701 591 3764 pronomen
615 3683 749 3756 αὐτους,
782 3701 842 3763 quo
874 3681 985 3744 omisso
1018 3684 1169 3747 sententio
1192 3692 1330 3748 contorta
1353 3691 1384 3748 et

262 3793 392 3858 difficilis
415 3793 513 3859 facilis
535 3796 591 3858 fiat
614 3802 644 3858 et
666 3794 796 3878 elegans.
827 3794 865 3858 In
883 3795 970 3881 culpa
985 3797 1061 3875 fuit,
1081 3798 1112 3860 ni
1135 3797 1238 3876 fallor,
1256 3798 1383 3862 ludima-

262 3907 364 3992 gister,
382 3910 433 3993 qui
447 3909 519 3973 olim
531 3912 741 3995 ἐπαγομένων
756 3909 879 3974 verbum
896 3910 1026 3974 medium
1041 3934 1107 3975 esse
1120 3920 1217 3990 ratus,
1230 3913 1384 3977 obiectum

262 4022 298 4085 de
322 4045 378 4088 suo
401 4023 625 4108 interpretandi
649 4046 739 4088 causa
763 4024 916 4090 adiecerit.
964 4026 1025 4090 Fac
1049 4036 1150 4091 antem
1173 4027 1382 4112 Thucydidem

260 4136 350 4200 verbo
375 4137 475 4201 medio
499 4139 544 4203 uti
568 4138 713 4213 voluisse,
741 4140 847 4224 quidni
872 4139 1042 4205 subiectum
1068 4149 1146 4205 certe
1170 4141 1288 4205 addidit
1312 4142 1383 4206 scri·

258 4246 356 4314 bendo
384 4258 438 4318 καλ
464 4257 675 4337 ἐπαγομένων
707 4260 823 4333 αὐτούς
849 4263 913 4324 τῶν
938 4257 1048 4324 ἄλλων
1074 4257 1222 4325 πόλιωνῗ)
1271 4256 1384 4322 Sensus

258 4365 310 4450 qui
334 4365 444 4430 multos
468 4367 651 4452 interpretes
675 4370 805 4449 fefellit,
840 4371 889 4435 hic
910 4379 973 4437 est:
1001 4392 1101 4460 quom
1132 4372 1256 4438 aemilii
1282 4394 1383 4438 correo

260 4479 297 4546 ι’νι
320 4480 408 4548 alios
431 4482 581 4550 οιύιλαλα
606 4493 859 4552 accerserentur.
906 4485 951 4550 Of.
977 4485 1030 4550 ΙΙΙ
1055 4488 1097 4551 34
1120 4486 1188 4551 init.

304 4598 318 4686 ᾗ
343 4598 372 4664 3.
398 4603 548 4680 Δαναούς
569 4600 603 4667 δὲ
625 4605 659 4667 ἐν
677 4610 744 4678 τοῖς
761 4604 849 4668 ἔπεσι
871 4607 927 4669 καλ
953 4601 1126 4688 Ἀργείους
1144 4609 1198 4669 καὶ
1217 4609 1379 4693 Ἀχαιούς
