<?xml version="1.0" encoding="UTF-8"?>
<!DOCTYPE html PUBLIC "-//W3C//DTD XHTML 1.0 Transitional//EN"
    "http://www.w3.org/TR/xhtml1/DTD/xhtml1-transitional.dtd">
<html xmlns="http://www.w3.org/1999/xhtml" xml:lang="en" lang="en">
 <head>
  <title>
</title>
<meta http-equiv="Content-Type" content="text/html;charset=utf-8" />
  <meta name='ocr-system' content='tesseract 3.04.00' />
  <meta name='ocr-capabilities' content='ocr_page ocr_carea ocr_par ocr_line ocrx_word'/>
</head>
<body>
  <div class='ocr_page' id='page_1' title='image "./studiathucydide00herwgoog_0107.png"; bbox 0 0 3166 5230; ppageno 0'>
   <div class='ocr_carea' id='block_1_1' title="bbox 823 459 866 524">
    <p class='ocr_par' dir='ltr' id='par_1_1' title="bbox 823 459 866 524">
     <span class='ocr_line' id='line_1_1' title="bbox 823 459 866 524; baseline -0.047 0"><span class='ocrx_word' id='word_1_1' title='bbox 823 459 866 524; x_wconf 74' lang='grc'>94</span> 
     </span>
    </p>
   </div>
   <div class='ocr_carea' id='block_1_2' title="bbox 288 642 1412 2216">
    <p class='ocr_par' dir='ltr' id='par_1_2' title="bbox 289 642 1407 844">
     <span class='ocr_line' id='line_1_2' title="bbox 333 642 1407 732; baseline -0.005 -20"><span class='ocrx_word' id='word_1_2' title='bbox 333 648 407 732; x_wconf 85' lang='lat' dir='ltr'>Oap.</span> <span class='ocrx_word' id='word_1_3' title='bbox 433 649 474 713; x_wconf 85' lang='lat'>13</span> <span class='ocrx_word' id='word_1_4' title='bbox 497 650 513 732; x_wconf 68' lang='lat' dir='ltr'>d</span> <span class='ocrx_word' id='word_1_5' title='bbox 538 650 568 712; x_wconf 85' lang='lat'>3.</span> <span class='ocrx_word' id='word_1_6' title='bbox 593 649 640 715; x_wconf 77' lang='grc' dir='ltr'>ἐπ’</span> <span class='ocrx_word' id='word_1_7' title='bbox 660 647 899 730; x_wconf 78' lang='grc' dir='ltr'><strong><em>αὐτομολίας</em></strong></span> <span class='ocrx_word' id='word_1_8' title='bbox 923 654 1088 730; x_wconf 76' lang='grc' dir='ltr'><strong><em>προφάσει.</em></strong></span> <span class='ocrx_word' id='word_1_9' title='bbox 1125 644 1268 708; x_wconf 91' lang='lat' dir='ltr'>Plurimis</span> <span class='ocrx_word' id='word_1_10' title='bbox 1291 642 1407 708; x_wconf 85' lang='lat' dir='ltr'>coniec-</span> 
     </span>
     <span class='ocr_line' id='line_1_3' title="bbox 289 759 1281 844; baseline -0.003 -20"><span class='ocrx_word' id='word_1_11' title='bbox 289 761 366 825; x_wconf 89' lang='lat' dir='ltr'>turis</span> <span class='ocrx_word' id='word_1_12' title='bbox 387 759 509 824; x_wconf 83' lang='lat' dir='ltr'><strong>accedat</strong></span> <span class='ocrx_word' id='word_1_13' title='bbox 529 760 602 823; x_wconf 86' lang='lat' dir='ltr'>haec</span> <span class='ocrx_word' id='word_1_14' title='bbox 624 781 707 822; x_wconf 86' lang='lat' dir='ltr'>mea:</span> <span class='ocrx_word' id='word_1_15' title='bbox 733 763 783 826; x_wconf 83' lang='grc' dir='ltr'>ἐπ’</span> <span class='ocrx_word' id='word_1_16' title='bbox 804 759 1090 844; x_wconf 72' lang='grc' dir='ltr'><strong><em>ἀργυρολογίας</em></strong></span> <span class='ocrx_word' id='word_1_17' title='bbox 1113 766 1281 843; x_wconf 77' lang='grc' dir='ltr'><strong><em>προφάσει.</em></strong></span> 
     </span>
    </p>

    <p class='ocr_par' dir='ltr' id='par_1_3' title="bbox 288 873 1412 2216">
     <span class='ocr_line' id='line_1_4' title="bbox 334 873 1406 960; baseline -0.004 -20"><span class='ocrx_word' id='word_1_18' title='bbox 334 875 407 960; x_wconf 78' lang='lat' dir='ltr'>(lap.</span> <span class='ocrx_word' id='word_1_19' title='bbox 425 877 467 940; x_wconf 88' lang='lat'>14</span> <span class='ocrx_word' id='word_1_20' title='bbox 482 873 552 938; x_wconf 90' lang='lat' dir='ltr'>init.</span> <span class='ocrx_word' id='word_1_21' title='bbox 576 875 801 960; x_wconf 73' lang='grc' dir='ltr'><strong><em>ἐπισταμένοις</em></strong></span> <span class='ocrx_word' id='word_1_22' title='bbox 822 875 851 939; x_wconf 84' lang='lat' dir='ltr'>d’</span> <span class='ocrx_word' id='word_1_23' title='bbox 873 877 948 956; x_wconf 82' lang='grc' dir='ltr'><strong><em>ὑμῖν</em></strong></span> <span class='ocrx_word' id='word_1_24' title='bbox 965 881 1074 958; x_wconf 84' lang='grc' dir='ltr'><strong><em>γράφω</em></strong></span> <span class='ocrx_word' id='word_1_25' title='bbox 1096 877 1147 940; x_wconf 84' lang='grc' dir='ltr'>ὃτι</span> <span class='ocrx_word' id='word_1_26' title='bbox 1171 876 1307 958; x_wconf 76' lang='grc' dir='ltr'><strong><em>βραχεῖα</em></strong></span> <span class='ocrx_word' id='word_1_27' title='bbox 1322 877 1406 956; x_wconf 81' lang='grc' dir='ltr'><strong><em>οἰκμὴ</em></strong></span> 
     </span>
     <span class='ocr_line' id='line_1_5' title="bbox 290 987 1408 1076; baseline -0.003 -19"><span class='ocrx_word' id='word_1_28' title='bbox 290 992 504 1076; x_wconf 74' lang='grc' dir='ltr'><strong><em>πληρώματος</em></strong></span> <span class='ocrx_word' id='word_1_29' title='bbox 529 995 583 1055; x_wconf 79' lang='grc' dir='ltr'>καὶ</span> <span class='ocrx_word' id='word_1_30' title='bbox 606 989 710 1070; x_wconf 84' lang='grc' dir='ltr'><strong><em>ολέγοι</em></strong></span> <span class='ocrx_word' id='word_1_31' title='bbox 737 987 817 1072; x_wconf 81' lang='grc' dir='ltr'>[τῶν</span> <span class='ocrx_word' id='word_1_32' title='bbox 834 988 979 1071; x_wconf 80' lang='grc' dir='ltr'><strong><em>ναστῶν]</em></strong></span> <span class='ocrx_word' id='word_1_33' title='bbox 1004 993 1034 1054; x_wconf 84' lang='grc' dir='ltr'>οἱ</span> <span class='ocrx_word' id='word_1_34' title='bbox 1051 991 1245 1072; x_wconf 81' lang='grc' dir='ltr'><strong><em>έξορμῶντες</em></strong></span> <span class='ocrx_word' id='word_1_35' title='bbox 1268 1014 1301 1053; x_wconf 86' lang='grc' dir='ltr'><strong><em>τε</em></strong></span> <span class='ocrx_word' id='word_1_36' title='bbox 1327 998 1408 1054; x_wconf 81' lang='grc' dir='ltr'>νάῡν</span> 
     </span>
     <span class='ocr_line' id='line_1_6' title="bbox 291 1098 1410 1190; baseline -0.008 -19"><span class='ocrx_word' id='word_1_37' title='bbox 291 1111 345 1171; x_wconf 82' lang='grc' dir='ltr'>καὶ</span> <span class='ocrx_word' id='word_1_38' title='bbox 369 1107 558 1190; x_wconf 83' lang='grc' dir='ltr'><strong><em>ξονέηοντες</em></strong></span> <span class='ocrx_word' id='word_1_39' title='bbox 583 1110 641 1186; x_wconf 82' lang='grc' dir='ltr'>τὴν</span> <span class='ocrx_word' id='word_1_40' title='bbox 667 1106 815 1186; x_wconf 77' lang='grc' dir='ltr'><strong><em>εἰρεσίαν.</em></strong></span> <span class='ocrx_word' id='word_1_41' title='bbox 862 1099 976 1164; x_wconf 88' lang='lat' dir='ltr'>Locum</span> <span class='ocrx_word' id='word_1_42' title='bbox 998 1100 1208 1164; x_wconf 89' lang='lat' dir='ltr'>difficillimum</span> <span class='ocrx_word' id='word_1_43' title='bbox 1225 1099 1294 1164; x_wconf 91' lang='lat' dir='ltr'>vide</span> <span class='ocrx_word' id='word_1_44' title='bbox 1314 1122 1351 1162; x_wconf 84' lang='lat' dir='ltr'>an</span> <span class='ocrx_word' id='word_1_45' title='bbox 1366 1098 1410 1163; x_wconf 89' lang='lat' dir='ltr'>sic</span> 
     </span>
     <span class='ocr_line' id='line_1_7' title="bbox 292 1214 1409 1300; baseline -0.001 -19"><span class='ocrx_word' id='word_1_46' title='bbox 292 1215 431 1300; x_wconf 84' lang='lat' dir='ltr'>expedire</span> <span class='ocrx_word' id='word_1_47' title='bbox 441 1215 549 1299; x_wconf 86' lang='lat' dir='ltr'>possis,</span> <span class='ocrx_word' id='word_1_48' title='bbox 561 1223 597 1278; x_wconf 91' lang='lat' dir='ltr'>ut</span> <span class='ocrx_word' id='word_1_49' title='bbox 608 1215 715 1279; x_wconf 89' lang='lat' dir='ltr'>deletis</span> <span class='ocrx_word' id='word_1_50' title='bbox 728 1214 883 1279; x_wconf 87' lang='lat' dir='ltr'>vocabulis</span> <span class='ocrx_word' id='word_1_51' title='bbox 894 1222 959 1283; x_wconf 83' lang='grc' dir='ltr'>τῶν</span> <span class='ocrx_word' id='word_1_52' title='bbox 973 1223 1103 1283; x_wconf 85' lang='grc' dir='ltr'><strong><em>ναστῶν</em></strong></span> <span class='ocrx_word' id='word_1_53' title='bbox 1113 1214 1294 1278; x_wconf 85' lang='lat' dir='ltr'>adiectivum</span> <span class='ocrx_word' id='word_1_54' title='bbox 1304 1215 1409 1296; x_wconf 78' lang='grc' dir='ltr'><strong><em>ὀλίγοι</em></strong></span> 
     </span>
     <span class='ocr_line' id='line_1_8' title="bbox 292 1329 1406 1414; baseline 0 -20"><span class='ocrx_word' id='word_1_55' title='bbox 292 1330 449 1414; x_wconf 76' lang='lat' dir='ltr'>intellegas</span> <span class='ocrx_word' id='word_1_56' title='bbox 473 1329 511 1393; x_wconf 89' lang='lat' dir='ltr'>de</span> <span class='ocrx_word' id='word_1_57' title='bbox 533 1330 725 1408; x_wconf 82' lang='lat' dir='ltr'>trierarchis,</span> <span class='ocrx_word' id='word_1_58' title='bbox 751 1352 881 1414; x_wconf 89' lang='lat' dir='ltr'>quorum</span> <span class='ocrx_word' id='word_1_59' title='bbox 898 1331 1015 1396; x_wconf 88' lang='lat' dir='ltr'>mentio</span> <span class='ocrx_word' id='word_1_60' title='bbox 1040 1331 1129 1395; x_wconf 92' lang='lat' dir='ltr'>modo</span> <span class='ocrx_word' id='word_1_61' title='bbox 1145 1331 1224 1396; x_wconf 80' lang='lat' dir='ltr'>facta</span> <span class='ocrx_word' id='word_1_62' title='bbox 1240 1338 1285 1394; x_wconf 91' lang='lat' dir='ltr'>est</span> <span class='ocrx_word' id='word_1_63' title='bbox 1301 1330 1330 1394; x_wconf 87' lang='lat' dir='ltr'>in</span> <span class='ocrx_word' id='word_1_64' title='bbox 1347 1331 1406 1394; x_wconf 85' lang='lat' dir='ltr'>fine</span> 
     </span>
     <span class='ocr_line' id='line_1_9' title="bbox 291 1443 1410 1531; baseline 0.005 -23"><span class='ocrx_word' id='word_1_65' title='bbox 291 1467 356 1529; x_wconf 90' lang='lat' dir='ltr'>cap.</span> <span class='ocrx_word' id='word_1_66' title='bbox 382 1445 423 1510; x_wconf 85' lang='lat'>13</span> <span class='ocrx_word' id='word_1_67' title='bbox 432 1493 441 1522; x_wconf 90' lang='lat'><em>,</em></span> <span class='ocrx_word' id='word_1_68' title='bbox 467 1450 498 1507; x_wconf 91' lang='lat' dir='ltr'>et</span> <span class='ocrx_word' id='word_1_69' title='bbox 517 1443 658 1529; x_wconf 78' lang='grc' dir='ltr'><strong><em>ἐἰρεσίαν</em></strong></span> <span class='ocrx_word' id='word_1_70' title='bbox 676 1445 832 1509; x_wconf 82' lang='lat' dir='ltr'>collective</span> <span class='ocrx_word' id='word_1_71' title='bbox 849 1445 965 1510; x_wconf 88' lang='lat' dir='ltr'>dictum</span> <span class='ocrx_word' id='word_1_72' title='bbox 981 1445 1108 1530; x_wconf 86' lang='lat' dir='ltr'>accipias</span> <span class='ocrx_word' id='word_1_73' title='bbox 1123 1469 1176 1531; x_wconf 94' lang='lat' dir='ltr'>pro</span> <span class='ocrx_word' id='word_1_74' title='bbox 1192 1452 1265 1523; x_wconf 84' lang='grc' dir='ltr'><strong><em>τοός</em></strong></span> <span class='ocrx_word' id='word_1_75' title='bbox 1290 1449 1410 1530; x_wconf 80' lang='grc' dir='ltr'><strong><em>ἐρέτας.</em></strong></span> 
     </span>
     <span class='ocr_line' id='line_1_10' title="bbox 290 1559 1411 1648; baseline 0.005 -27"><span class='ocrx_word' id='word_1_76' title='bbox 290 1559 401 1624; x_wconf 85' lang='lat' dir='ltr'>Verte:</span> <span class='ocrx_word' id='word_1_77' title='bbox 428 1567 459 1626; x_wconf 83' lang='lat' dir='ltr'>et</span> <span class='ocrx_word' id='word_1_78' title='bbox 486 1579 612 1646; x_wconf 80' lang='lat' dir='ltr'>paucos</span> <span class='ocrx_word' id='word_1_79' title='bbox 639 1559 789 1648; x_wconf 74' lang='lat' dir='ltr'>eccequi</span> <span class='ocrx_word' id='word_1_80' title='bbox 816 1579 934 1626; x_wconf 80' lang='lat' dir='ltr'>ccccm</span> <span class='ocrx_word' id='word_1_81' title='bbox 959 1559 1151 1627; x_wconf 76' lang='lat' dir='ltr'>deducentes</span> <span class='ocrx_word' id='word_1_82' title='bbox 1174 1561 1244 1627; x_wconf 78' lang='lat' dir='ltr'>eius</span> <span class='ocrx_word' id='word_1_83' title='bbox 1273 1560 1411 1648; x_wconf 66' lang='lat' dir='ltr'>semipes</span> 
     </span>
     <span class='ocr_line' id='line_1_11' title="bbox 288 1671 1411 1760; baseline -0.002 -20"><span class='ocrx_word' id='word_1_84' title='bbox 288 1695 395 1741; x_wconf 78' lang='lat' dir='ltr'>secum</span> <span class='ocrx_word' id='word_1_85' title='bbox 429 1673 573 1740; x_wconf 79' lang='lat' dir='ltr'>reticere</span> <span class='ocrx_word' id='word_1_86' title='bbox 604 1673 741 1760; x_wconf 80' lang='lat' dir='ltr'>possint.</span> <span class='ocrx_word' id='word_1_87' title='bbox 788 1671 833 1736; x_wconf 83' lang='lat' dir='ltr'>cf.</span> <span class='ocrx_word' id='word_1_88' title='bbox 869 1673 946 1738; x_wconf 89' lang='lat' dir='ltr'>Xen.</span> <span class='ocrx_word' id='word_1_89' title='bbox 981 1672 1146 1758; x_wconf 78' lang='lat' dir='ltr'>Cyropaed.</span> <span class='ocrx_word' id='word_1_90' title='bbox 1179 1673 1327 1760; x_wconf 74' lang='lat' dir='ltr'>V115§</span> <span class='ocrx_word' id='word_1_91' title='bbox 1358 1677 1411 1742; x_wconf 74' lang='lat'>70.</span> 
     </span>
     <span class='ocr_line' id='line_1_12' title="bbox 291 1787 1409 1876; baseline 0.003 -22"><span class='ocrx_word' id='word_1_92' title='bbox 291 1789 377 1871; x_wconf 80' lang='lat' dir='ltr'>Quae</span> <span class='ocrx_word' id='word_1_93' title='bbox 400 1813 471 1854; x_wconf 83' lang='lat' dir='ltr'>mox</span> <span class='ocrx_word' id='word_1_94' title='bbox 503 1795 673 1873; x_wconf 88' lang='lat' dir='ltr'>sequuntur</span> <span class='ocrx_word' id='word_1_95' title='bbox 696 1787 787 1852; x_wconf 87' lang='lat' dir='ltr'>verba</span> <span class='ocrx_word' id='word_1_96' title='bbox 810 1787 1079 1873; x_wconf 83' lang='lat' dir='ltr'>depravatissimo:</span> <span class='ocrx_word' id='word_1_97' title='bbox 1106 1791 1177 1857; x_wconf 72' lang='grc' dir='ltr'>ἀλλ’</span> <span class='ocrx_word' id='word_1_98' title='bbox 1201 1795 1329 1876; x_wconf 81' lang='grc' dir='ltr'><strong><em>οἰνόιγιιη</em></strong></span> <span class='ocrx_word' id='word_1_99' title='bbox 1353 1789 1409 1874; x_wconf 76' lang='grc' dir='ltr'>ἀφ’</span> 
     </span>
     <span class='ocr_line' id='line_1_13' title="bbox 292 1895 1412 1994; baseline -0.001 -23"><span class='ocrx_word' id='word_1_100' title='bbox 292 1895 338 1974; x_wconf 80' lang='grc' dir='ltr'>ὧν</span> <span class='ocrx_word' id='word_1_101' title='bbox 362 1909 490 1994; x_wconf 72' lang='grc' dir='ltr'><strong><em>ἔχοντες</em></strong></span> <span class='ocrx_word' id='word_1_102' title='bbox 512 1904 654 1988; x_wconf 76' lang='grc' dir='ltr'><strong><em>ἤλθομεν</em></strong></span> <span class='ocrx_word' id='word_1_103' title='bbox 679 1912 723 1970; x_wconf 89' lang='grc' dir='ltr'>τά</span> <span class='ocrx_word' id='word_1_104' title='bbox 747 1932 787 1970; x_wconf 91' lang='grc' dir='ltr'><strong><em>τε</em></strong></span> <span class='ocrx_word' id='word_1_105' title='bbox 809 1909 912 1971; x_wconf 87' lang='grc' dir='ltr'><strong><em>ὄντα</em></strong></span> <span class='ocrx_word' id='word_1_106' title='bbox 936 1911 1005 1970; x_wconf 80' lang='grc' dir='ltr'>καὶ</span> <span class='ocrx_word' id='word_1_107' title='bbox 1030 1905 1412 1989; x_wconf 74' lang='grc' dir='ltr'><strong><em>ἅπαναλισκόμενα</em></strong></span> 
     </span>
     <span class='ocr_line' id='line_1_14' title="bbox 292 2018 1411 2104; baseline -0.001 -17"><span class='ocrx_word' id='word_1_108' title='bbox 292 2025 465 2103; x_wconf 75' lang='grc' dir='ltr'><strong><em>γίγνεσθαι</em></strong></span> <span class='ocrx_word' id='word_1_109' title='bbox 485 2018 527 2082; x_wconf 92' lang='lat' dir='ltr'>sic</span> <span class='ocrx_word' id='word_1_110' title='bbox 548 2024 652 2082; x_wconf 90' lang='lat' dir='ltr'>tento:</span> <span class='ocrx_word' id='word_1_111' title='bbox 674 2024 721 2085; x_wconf 84' lang='grc' dir='ltr'>τὰ</span> <span class='ocrx_word' id='word_1_112' title='bbox 743 2019 879 2085; x_wconf 82' lang='grc' dir='ltr'><strong><em>δέοντ’</em></strong></span> <span class='ocrx_word' id='word_1_113' title='bbox 902 2023 969 2086; x_wconf 69' lang='lat' dir='ltr'>det</span> <span class='ocrx_word' id='word_1_114' title='bbox 991 2021 1411 2104; x_wconf 79' lang='grc' dir='ltr'><strong><em>α’παναλισκομένων</em></strong></span> 
     </span>
     <span class='ocr_line' id='line_1_15' title="bbox 295 2138 480 2216; baseline 0.005 -18"><span class='ocrx_word' id='word_1_115' title='bbox 295 2138 480 2216; x_wconf 79' lang='grc' dir='ltr'><strong><em>γίγνεσθαι.</em></strong></span> 
     </span>
    </p>
   </div>
   <div class='ocr_carea' id='block_1_3' title="bbox 297 2224 1413 2336">
    <p class='ocr_par' dir='ltr' id='par_1_4' title="bbox 297 2224 1413 2336">
     <span class='ocr_line' id='line_1_16' title="bbox 297 2224 1413 2336; baseline 0.003 -25"><span class='ocrx_word' id='word_1_116' title='bbox 297 2224 312 2252; x_wconf 63' lang='lat'>⁸</span> <span class='ocrx_word' id='word_1_117' title='bbox 336 2256 356 2322; x_wconf 92' lang='lat'><em>†</em></span> <span class='ocrx_word' id='word_1_118' title='bbox 376 2246 451 2332; x_wconf 84' lang='lat' dir='ltr'>Gap.</span> <span class='ocrx_word' id='word_1_119' title='bbox 473 2249 513 2312; x_wconf 81' lang='grc'>17</span> <span class='ocrx_word' id='word_1_120' title='bbox 537 2252 554 2334; x_wconf 65' lang='grc' dir='ltr'><strong><em>ό</em></strong></span> <span class='ocrx_word' id='word_1_121' title='bbox 578 2250 607 2312; x_wconf 76' lang='lat'>2.</span> <span class='ocrx_word' id='word_1_122' title='bbox 639 2253 670 2314; x_wconf 81' lang='grc' dir='ltr'>οἱ</span> <span class='ocrx_word' id='word_1_123' title='bbox 685 2255 745 2332; x_wconf 83' lang='grc' dir='ltr'>γὰρ</span> <span class='ocrx_word' id='word_1_124' title='bbox 764 2253 994 2336; x_wconf 74' lang='grc' dir='ltr'><strong><em>Κορίνθιοι-</em></strong></span> <span class='ocrx_word' id='word_1_125' title='bbox 1016 2251 1294 2333; x_wconf 81' lang='grc' dir='ltr'><strong><em>παρεσκευάζοντο</em></strong></span> <span class='ocrx_word' id='word_1_126' title='bbox 1318 2252 1413 2316; x_wconf 84' lang='grc' dir='ltr'><strong><em>αότοί</em></strong></span> 
     </span>
    </p>
   </div>
   <div class='ocr_carea' id='block_1_4' title="bbox 292 2361 1416 3019">
    <p class='ocr_par' dir='ltr' id='par_1_5' title="bbox 292 2361 1416 2790">
     <span class='ocr_line' id='line_1_17' title="bbox 292 2361 1413 2448; baseline 0.001 -21"><span class='ocrx_word' id='word_1_127' title='bbox 292 2389 325 2427; x_wconf 85' lang='grc' dir='ltr'><strong><em>τε</em></strong></span> <span class='ocrx_word' id='word_1_128' title='bbox 350 2361 601 2439; x_wconf 78' lang='grc' dir='ltr'><strong><em>οέποστελοόντες</em></strong></span> <span class='ocrx_word' id='word_1_129' title='bbox 623 2362 761 2440; x_wconf 75' lang='grc' dir='ltr'><strong><em>ὁπλίτας</em></strong></span> <span class='ocrx_word' id='word_1_130' title='bbox 785 2367 816 2439; x_wconf 79' lang='grc' dir='ltr'>ἐς</span> <span class='ocrx_word' id='word_1_131' title='bbox 842 2370 900 2446; x_wconf 76' lang='grc' dir='ltr'>τὴν</span> <span class='ocrx_word' id='word_1_132' title='bbox 916 2364 1077 2431; x_wconf 75' lang='grc' dir='ltr'><strong><em>Σικελίαν</em></strong></span> <span class='ocrx_word' id='word_1_133' title='bbox 1094 2369 1148 2429; x_wconf 79' lang='grc' dir='ltr'>καὶ</span> <span class='ocrx_word' id='word_1_134' title='bbox 1174 2369 1208 2430; x_wconf 80' lang='grc' dir='ltr'>ἐν</span> <span class='ocrx_word' id='word_1_135' title='bbox 1232 2376 1287 2446; x_wconf 79' lang='grc' dir='ltr'>τῆς</span> <span class='ocrx_word' id='word_1_136' title='bbox 1310 2363 1413 2448; x_wconf 80' lang='grc' dir='ltr'><strong><em>ἄλλης</em></strong></span> 
     </span>
     <span class='ocr_line' id='line_1_18' title="bbox 292 2475 1415 2565; baseline -0.002 -24"><span class='ocrx_word' id='word_1_137' title='bbox 292 2475 546 2557; x_wconf 76' lang='grc' dir='ltr'><strong><em>Πελοποννήσου</em></strong></span> <span class='ocrx_word' id='word_1_138' title='bbox 569 2481 600 2543; x_wconf 82' lang='grc' dir='ltr'>οἱ</span> <span class='ocrx_word' id='word_1_139' title='bbox 623 2479 878 2562; x_wconf 75' lang='grc' dir='ltr'><strong><em>Λακεδαιμόνιοι</em></strong></span> <span class='ocrx_word' id='word_1_140' title='bbox 904 2487 948 2564; x_wconf 75' lang='grc' dir='ltr'>τῷ</span> <span class='ocrx_word' id='word_1_141' title='bbox 968 2480 1055 2562; x_wconf 79' lang='grc' dir='ltr'><strong><em>αὐτῷ</em></strong></span> <span class='ocrx_word' id='word_1_142' title='bbox 1080 2485 1195 2565; x_wconf 86' lang='grc' dir='ltr'><strong><em>τρόπορ.</em></strong></span> <span class='ocrx_word' id='word_1_143' title='bbox 1243 2476 1318 2540; x_wconf 83' lang='lat' dir='ltr'><strong>Post</strong></span> <span class='ocrx_word' id='word_1_144' title='bbox 1340 2475 1415 2539; x_wconf 90' lang='lat' dir='ltr'>haec</span> 
     </span>
     <span class='ocr_line' id='line_1_19' title="bbox 293 2587 1416 2677; baseline 0.001 -26"><span class='ocrx_word' id='word_1_145' title='bbox 293 2587 383 2652; x_wconf 85' lang='lat' dir='ltr'>verba</span> <span class='ocrx_word' id='word_1_146' title='bbox 406 2611 465 2652; x_wconf 88' lang='lat' dir='ltr'>non</span> <span class='ocrx_word' id='word_1_147' title='bbox 487 2588 567 2666; x_wconf 88' lang='lat' dir='ltr'>fero,</span> <span class='ocrx_word' id='word_1_148' title='bbox 584 2590 665 2673; x_wconf 89' lang='lat' dir='ltr'>quod</span> <span class='ocrx_word' id='word_1_149' title='bbox 687 2590 850 2674; x_wconf 89' lang='lat' dir='ltr'>magistelli</span> <span class='ocrx_word' id='word_1_150' title='bbox 873 2590 910 2654; x_wconf 90' lang='lat' dir='ltr'>de</span> <span class='ocrx_word' id='word_1_151' title='bbox 936 2613 991 2654; x_wconf 90' lang='lat' dir='ltr'>suo</span> <span class='ocrx_word' id='word_1_152' title='bbox 1011 2597 1081 2675; x_wconf 92' lang='lat' dir='ltr'>post</span> <span class='ocrx_word' id='word_1_153' title='bbox 1104 2598 1210 2677; x_wconf 81' lang='grc' dir='ltr'><strong><em>τρόπῳ</em></strong></span> <span class='ocrx_word' id='word_1_154' title='bbox 1234 2587 1416 2653; x_wconf 86' lang='lat' dir='ltr'>addiderunt</span> 
     </span>
     <span class='ocr_line' id='line_1_20' title="bbox 293 2703 760 2790; baseline 0.011 -24"><span class='ocrx_word' id='word_1_155' title='bbox 293 2703 485 2787; x_wconf 87' lang='lat' dir='ltr'>participium</span> <span class='ocrx_word' id='word_1_156' title='bbox 509 2706 705 2790; x_wconf 84' lang='grc' dir='ltr'><strong><em>πέμψαντες.</em></strong></span> <span class='ocrx_word' id='word_1_157' title='bbox 740 2705 760 2771; x_wconf 89' lang='lat'>†</span> 
     </span>
    </p>

    <p class='ocr_par' dir='ltr' id='par_1_6' title="bbox 294 2815 1415 3019">
     <span class='ocr_line' id='line_1_21' title="bbox 337 2815 1415 2907; baseline 0 -27"><span class='ocrx_word' id='word_1_158' title='bbox 337 2815 411 2900; x_wconf 84' lang='lat' dir='ltr'>Oap.</span> <span class='ocrx_word' id='word_1_159' title='bbox 438 2818 478 2882; x_wconf 87' lang='lat'>18</span> <span class='ocrx_word' id='word_1_160' title='bbox 496 2818 512 2901; x_wconf 66' lang='lat' dir='ltr'>d</span> <span class='ocrx_word' id='word_1_161' title='bbox 530 2820 558 2881; x_wconf 92' lang='grc'>1.</span> <span class='ocrx_word' id='word_1_162' title='bbox 584 2827 642 2902; x_wconf 83' lang='grc' dir='ltr'>τὴν</span> <span class='ocrx_word' id='word_1_163' title='bbox 667 2824 729 2886; x_wconf 76' lang='grc' dir='ltr'><strong><em>α’πό</em></strong></span> <span class='ocrx_word' id='word_1_164' title='bbox 754 2827 819 2887; x_wconf 82' lang='grc' dir='ltr'>τῶν</span> <span class='ocrx_word' id='word_1_165' title='bbox 846 2821 1042 2905; x_wconf 78' lang='grc' dir='ltr'><strong><em>Ἀθηναίων</em></strong></span> <span class='ocrx_word' id='word_1_166' title='bbox 1064 2824 1233 2907; x_wconf 72' lang='grc' dir='ltr'><strong><em>βοήθειαν.</em></strong></span> <span class='ocrx_word' id='word_1_167' title='bbox 1264 2817 1415 2881; x_wconf 83' lang='lat' dir='ltr'>Graccum</span> 
     </span>
     <span class='ocr_line' id='line_1_22' title="bbox 294 2930 1415 3019; baseline 0 -25"><span class='ocrx_word' id='word_1_168' title='bbox 294 2936 340 2994; x_wconf 87' lang='lat' dir='ltr'>est</span> <span class='ocrx_word' id='word_1_169' title='bbox 363 2935 499 3015; x_wconf 73' lang='grc' dir='ltr'><strong><em>πολιὴν</em></strong></span> <span class='ocrx_word' id='word_1_170' title='bbox 523 2937 587 3000; x_wconf 82' lang='grc' dir='ltr'>τῶν</span> <span class='ocrx_word' id='word_1_171' title='bbox 618 2936 700 2999; x_wconf 83' lang='grc' dir='ltr'>Ἀθ.</span> <span class='ocrx_word' id='word_1_172' title='bbox 719 2936 893 3019; x_wconf 75' lang='grc' dir='ltr'><strong><em>βοήθειαν,</em></strong></span> <span class='ocrx_word' id='word_1_173' title='bbox 918 2940 993 3010; x_wconf 84' lang='lat' dir='ltr'>aut,</span> <span class='ocrx_word' id='word_1_174' title='bbox 1020 2934 1101 3017; x_wconf 86' lang='lat' dir='ltr'>quod</span> <span class='ocrx_word' id='word_1_175' title='bbox 1129 2933 1177 2997; x_wconf 90' lang='lat' dir='ltr'>hio</span> <span class='ocrx_word' id='word_1_176' title='bbox 1205 2930 1415 3016; x_wconf 87' lang='lat' dir='ltr'>reponendum</span> 
     </span>
    </p>
   </div>
   <div class='ocr_carea' id='block_1_5' title="bbox 294 3046 1416 3247">
    <p class='ocr_par' dir='ltr' id='par_1_7' title="bbox 294 3046 1416 3247">
     <span class='ocr_line' id='line_1_23' title="bbox 294 3046 1415 3134; baseline -0.002 -22"><span class='ocrx_word' id='word_1_177' title='bbox 294 3074 324 3112; x_wconf 92' lang='grc' dir='ltr'>τ.</span> <span class='ocrx_word' id='word_1_178' title='bbox 342 3048 406 3112; x_wconf 77' lang='grc' dir='ltr'><strong><em>α’πό</em></strong></span> <span class='ocrx_word' id='word_1_179' title='bbox 423 3051 488 3113; x_wconf 85' lang='grc' dir='ltr'>τῶν</span> <span class='ocrx_word' id='word_1_180' title='bbox 509 3047 693 3134; x_wconf 83' lang='grc' dir='ltr'><strong><em>Ἀθηνῶν</em></strong></span> <span class='ocrx_word' id='word_1_181' title='bbox 718 3051 749 3134; x_wconf 77' lang='grc' dir='ltr'><em>β</em></span> <span class='ocrx_word' id='word_1_182' title='bbox 774 3046 859 3112; x_wconf 88' lang='lat' dir='ltr'>Idem</span> <span class='ocrx_word' id='word_1_183' title='bbox 881 3070 963 3112; x_wconf 87' lang='lat' dir='ltr'>error</span> <span class='ocrx_word' id='word_1_184' title='bbox 987 3047 1161 3112; x_wconf 86' lang='lat' dir='ltr'>commissus</span> <span class='ocrx_word' id='word_1_185' title='bbox 1179 3054 1225 3110; x_wconf 88' lang='lat' dir='ltr'>est</span> <span class='ocrx_word' id='word_1_186' title='bbox 1249 3046 1266 3110; x_wconf 91' lang='lat' dir='ltr'>I</span> <span class='ocrx_word' id='word_1_187' title='bbox 1287 3047 1359 3129; x_wconf 62' lang='lat' dir='ltr'>did</span> <span class='ocrx_word' id='word_1_188' title='bbox 1377 3047 1415 3124; x_wconf 92' lang='lat' dir='ltr'>l,</span> 
     </span>
     <span class='ocr_line' id='line_1_24' title="bbox 294 3157 1416 3247; baseline 0.001 -26"><span class='ocrx_word' id='word_1_189' title='bbox 294 3157 330 3221; x_wconf 93' lang='grc' dir='ltr'>Π</span> <span class='ocrx_word' id='word_1_190' title='bbox 343 3161 384 3224; x_wconf 84' lang='grc'>86</span> <span class='ocrx_word' id='word_1_191' title='bbox 397 3162 413 3244; x_wconf 68' lang='lat' dir='ltr'>d</span> <span class='ocrx_word' id='word_1_192' title='bbox 424 3163 462 3237; x_wconf 88' lang='grc'>4,</span> <span class='ocrx_word' id='word_1_193' title='bbox 482 3161 523 3225; x_wconf 76' lang='lat'>92</span> <span class='ocrx_word' id='word_1_194' title='bbox 540 3161 557 3243; x_wconf 65' lang='lat' dir='ltr'>d</span> <span class='ocrx_word' id='word_1_195' title='bbox 574 3163 595 3222; x_wconf 88' lang='lat'>4</span> <span class='ocrx_word' id='word_1_196' title='bbox 611 3169 644 3224; x_wconf 91' lang='lat' dir='ltr'>et</span> <span class='ocrx_word' id='word_1_197' title='bbox 661 3159 726 3224; x_wconf 92' lang='lat' dir='ltr'>VII</span> <span class='ocrx_word' id='word_1_198' title='bbox 739 3164 780 3227; x_wconf 88' lang='grc'>18</span> <span class='ocrx_word' id='word_1_199' title='bbox 797 3163 814 3245; x_wconf 62' lang='lat' dir='ltr'>d</span> <span class='ocrx_word' id='word_1_200' title='bbox 832 3165 849 3226; x_wconf 88' lang='lat'>1</span> <span class='ocrx_word' id='word_1_201' title='bbox 868 3161 907 3226; x_wconf 90' lang='lat' dir='ltr'>ob</span> <span class='ocrx_word' id='word_1_202' title='bbox 919 3162 1086 3247; x_wconf 79' lang='lat' dir='ltr'>scripturae</span> <span class='ocrx_word' id='word_1_203' title='bbox 1106 3160 1319 3245; x_wconf 89' lang='lat' dir='ltr'>compendium</span> <span class='ocrx_word' id='word_1_204' title='bbox 1336 3158 1416 3223; x_wconf 88' lang='lat' dir='ltr'>male</span> 
     </span>
    </p>
   </div>
   <div class='ocr_carea' id='block_1_6' title="bbox 294 3273 1422 4625">
    <p class='ocr_par' dir='ltr' id='par_1_8' title="bbox 294 3273 1417 3819">
     <span class='ocr_line' id='line_1_25' title="bbox 294 3273 1414 3362; baseline 0.003 -25"><span class='ocrx_word' id='word_1_205' title='bbox 294 3273 495 3338; x_wconf 88' lang='lat' dir='ltr'>intellectum.</span> <span class='ocrx_word' id='word_1_206' title='bbox 541 3274 619 3338; x_wconf 84' lang='lat' dir='ltr'>Vide</span> <span class='ocrx_word' id='word_1_207' title='bbox 642 3275 792 3340; x_wconf 80' lang='lat' dir='ltr'>Gabatum</span> <span class='ocrx_word' id='word_1_208' title='bbox 816 3277 931 3341; x_wconf 88' lang='lat' dir='ltr'>Mnem.</span> <span class='ocrx_word' id='word_1_209' title='bbox 961 3276 1024 3341; x_wconf 92' lang='grc' dir='ltr'>ΙΙΙ.</span> <span class='ocrx_word' id='word_1_210' title='bbox 1056 3301 1085 3362; x_wconf 84' lang='lat' dir='ltr'>p.</span> <span class='ocrx_word' id='word_1_211' title='bbox 1111 3277 1248 3342; x_wconf 58' lang='grc'><strong>381-</strong></span> <span class='ocrx_word' id='word_1_212' title='bbox 1272 3274 1319 3339; x_wconf 91' lang='lat' dir='ltr'>Ib.</span> <span class='ocrx_word' id='word_1_213' title='bbox 1345 3276 1359 3357; x_wconf 63' lang='grc' dir='ltr'><strong><em>λ</em></strong></span> <span class='ocrx_word' id='word_1_214' title='bbox 1384 3278 1414 3340; x_wconf 86' lang='grc'>3.</span> 
     </span>
     <span class='ocr_line' id='line_1_26' title="bbox 296 3389 1416 3477; baseline 0.003 -24"><span class='ocrx_word' id='word_1_215' title='bbox 296 3396 351 3454; x_wconf 78' lang='grc' dir='ltr'>καὶ</span> <span class='ocrx_word' id='word_1_216' title='bbox 369 3393 585 3474; x_wconf 80' lang='grc' dir='ltr'><strong><em>ἐνεθυμοῦντο</em></strong></span> <span class='ocrx_word' id='word_1_217' title='bbox 603 3402 661 3475; x_wconf 82' lang='grc' dir='ltr'>την</span> <span class='ocrx_word' id='word_1_218' title='bbox 685 3420 718 3458; x_wconf 88' lang='grc' dir='ltr'><strong><em>τε</em></strong></span> <span class='ocrx_word' id='word_1_219' title='bbox 732 3399 805 3477; x_wconf 78' lang='grc' dir='ltr'><strong><em>περὶ</em></strong></span> <span class='ocrx_word' id='word_1_220' title='bbox 823 3393 936 3460; x_wconf 79' lang='grc' dir='ltr'><strong><em>Πόλον</em></strong></span> <span class='ocrx_word' id='word_1_221' title='bbox 958 3395 1124 3477; x_wconf 78' lang='grc' dir='ltr'><strong><em>ξυμφορὰν</em></strong></span> <span class='ocrx_word' id='word_1_222' title='bbox 1150 3398 1204 3458; x_wconf 78' lang='grc' dir='ltr'>καὶ</span> <span class='ocrx_word' id='word_1_223' title='bbox 1223 3395 1252 3458; x_wconf 78' lang='grc' dir='ltr'><strong><em>εἴ</em></strong></span> <span class='ocrx_word' id='word_1_224' title='bbox 1267 3419 1315 3469; x_wconf 95' lang='grc' dir='ltr'>τις</span> <span class='ocrx_word' id='word_1_225' title='bbox 1330 3389 1416 3476; x_wconf 82' lang='grc' dir='ltr'><strong><em>ἄλλη</em></strong></span> 
     </span>
     <span class='ocr_line' id='line_1_27' title="bbox 297 3504 1416 3591; baseline 0 -23"><span class='ocrx_word' id='word_1_226' title='bbox 297 3507 406 3580; x_wconf 81' lang='grc' dir='ltr'><strong><em>αὐτοῖς</em></strong></span> <span class='ocrx_word' id='word_1_227' title='bbox 436 3506 577 3585; x_wconf 87' lang='grc' dir='ltr'><strong><em>γένοιτο.</em></strong></span> <span class='ocrx_word' id='word_1_228' title='bbox 623 3504 737 3569; x_wconf 88' lang='lat' dir='ltr'>Nullus</span> <span class='ocrx_word' id='word_1_229' title='bbox 772 3506 854 3570; x_wconf 88' lang='lat' dir='ltr'>locus</span> <span class='ocrx_word' id='word_1_230' title='bbox 888 3507 1023 3591; x_wconf 86' lang='lat' dir='ltr'>optativo</span> <span class='ocrx_word' id='word_1_231' title='bbox 1050 3505 1192 3570; x_wconf 81' lang='lat' dir='ltr'>iterativo</span> <span class='ocrx_word' id='word_1_232' title='bbox 1219 3505 1271 3589; x_wconf 92' lang='lat' dir='ltr'>qui</span> <span class='ocrx_word' id='word_1_233' title='bbox 1295 3504 1416 3568; x_wconf 88' lang='lat' dir='ltr'>dicitur.</span> 
     </span>
     <span class='ocr_line' id='line_1_28' title="bbox 297 3617 1417 3706; baseline 0.004 -26"><span class='ocrx_word' id='word_1_234' title='bbox 297 3617 450 3682; x_wconf 88' lang='lat' dir='ltr'>Scribatur</span> <span class='ocrx_word' id='word_1_235' title='bbox 474 3621 657 3706; x_wconf 79' lang='grc' dir='ltr'><strong><em>ἐγεγένητο,</em></strong></span> <span class='ocrx_word' id='word_1_236' title='bbox 680 3641 758 3703; x_wconf 87' lang='lat' dir='ltr'>quae</span> <span class='ocrx_word' id='word_1_237' title='bbox 781 3620 870 3684; x_wconf 90' lang='lat' dir='ltr'>lectio</span> <span class='ocrx_word' id='word_1_238' title='bbox 895 3620 1002 3684; x_wconf 85' lang='lat' dir='ltr'>leviter</span> <span class='ocrx_word' id='word_1_239' title='bbox 1019 3619 1221 3705; x_wconf 81' lang='lat' dir='ltr'>depravatam</span> <span class='ocrx_word' id='word_1_240' title='bbox 1236 3622 1417 3702; x_wconf 78' lang='grc' dir='ltr'><strong><em>ἐγεγένοιτο</em></strong></span> 
     </span>
     <span class='ocr_line' id='line_1_29' title="bbox 296 3730 1041 3819; baseline 0.007 -25"><span class='ocrx_word' id='word_1_241' title='bbox 296 3737 399 3796; x_wconf 84' lang='lat' dir='ltr'>exstat</span> <span class='ocrx_word' id='word_1_242' title='bbox 423 3730 454 3794; x_wconf 88' lang='lat' dir='ltr'>irr</span> <span class='ocrx_word' id='word_1_243' title='bbox 479 3730 626 3797; x_wconf 88' lang='lat' dir='ltr'>Vaticano</span> <span class='ocrx_word' id='word_1_244' title='bbox 649 3733 761 3797; x_wconf 91' lang='lat' dir='ltr'>codice.</span> <span class='ocrx_word' id='word_1_245' title='bbox 1039 3815 1041 3819; x_wconf 68' lang='lat'>,</span> 
     </span>
    </p>

    <p class='ocr_par' dir='ltr' id='par_1_9' title="bbox 341 3846 1416 3935">
     <span class='ocr_line' id='line_1_30' title="bbox 341 3846 1416 3935; baseline 0.007 -25"><span class='ocrx_word' id='word_1_246' title='bbox 341 3846 415 3931; x_wconf 83' lang='lat' dir='ltr'>(lap.</span> <span class='ocrx_word' id='word_1_247' title='bbox 442 3849 483 3912; x_wconf 88' lang='grc'>19</span> <span class='ocrx_word' id='word_1_248' title='bbox 508 3849 524 3931; x_wconf 63' lang='grc' dir='ltr'>ᾧ</span> <span class='ocrx_word' id='word_1_249' title='bbox 550 3852 578 3913; x_wconf 88' lang='grc'>1.</span> <span class='ocrx_word' id='word_1_250' title='bbox 602 3849 779 3931; x_wconf 82' lang='grc' dir='ltr'><strong><em>διελόμενοι</em></strong></span> <span class='ocrx_word' id='word_1_251' title='bbox 809 3849 857 3932; x_wconf 83' lang='grc' dir='ltr'>[τό</span> <span class='ocrx_word' id='word_1_252' title='bbox 883 3852 1006 3935; x_wconf 61' lang='grc' dir='ltr'><strong><em>ἔργον]</em></strong></span> <span class='ocrx_word' id='word_1_253' title='bbox 1052 3848 1131 3912; x_wconf 80' lang='lat' dir='ltr'>Vide</span> <span class='ocrx_word' id='word_1_254' title='bbox 1154 3847 1222 3911; x_wconf 76' lang='lat' dir='ltr'>adn·</span> <span class='ocrx_word' id='word_1_255' title='bbox 1243 3847 1282 3911; x_wconf 76' lang='lat' dir='ltr'>ad</span> <span class='ocrx_word' id='word_1_256' title='bbox 1305 3846 1340 3911; x_wconf 87' lang='grc' dir='ltr'>Π</span> <span class='ocrx_word' id='word_1_257' title='bbox 1365 3849 1416 3913; x_wconf 78' lang='grc'>77.</span> 
     </span>
    </p>

    <p class='ocr_par' dir='ltr' id='par_1_10' title="bbox 298 3961 1422 4625">
     <span class='ocr_line' id='line_1_31' title="bbox 341 3961 1418 4052; baseline 0 -28"><span class='ocrx_word' id='word_1_258' title='bbox 341 3961 415 4047; x_wconf 86' lang='lat' dir='ltr'>Cap.</span> <span class='ocrx_word' id='word_1_259' title='bbox 443 3966 483 4028; x_wconf 76' lang='lat'>21</span> <span class='ocrx_word' id='word_1_260' title='bbox 502 3966 518 4048; x_wconf 68' lang='lat' dir='ltr'>d</span> <span class='ocrx_word' id='word_1_261' title='bbox 536 3967 565 4028; x_wconf 92' lang='grc'>1.</span> <span class='ocrx_word' id='word_1_262' title='bbox 590 3968 774 4052; x_wconf 84' lang='grc' dir='ltr'><strong><em>νανμαηίας</em></strong></span> <span class='ocrx_word' id='word_1_263' title='bbox 795 3967 1017 4048; x_wconf 71' lang='grc' dir='ltr'><strong><em>ἀπόπειραν</em></strong></span> <span class='ocrx_word' id='word_1_264' title='bbox 1036 3967 1264 4051; x_wconf 79' lang='grc' dir='ltr'><strong><em>λαμβάνειν.</em></strong></span> <span class='ocrx_word' id='word_1_265' title='bbox 1289 3961 1418 4026; x_wconf 88' lang='lat' dir='ltr'>Locutio</span> 
     </span>
     <span class='ocr_line' id='line_1_32' title="bbox 299 4076 1419 4165; baseline 0 -25"><span class='ocrx_word' id='word_1_266' title='bbox 299 4076 373 4140; x_wconf 91' lang='lat' dir='ltr'>mihi</span> <span class='ocrx_word' id='word_1_267' title='bbox 397 4085 535 4162; x_wconf 87' lang='lat' dir='ltr'>suspecta</span> <span class='ocrx_word' id='word_1_268' title='bbox 561 4077 659 4143; x_wconf 86' lang='lat' dir='ltr'>minus</span> <span class='ocrx_word' id='word_1_269' title='bbox 691 4085 850 4163; x_wconf 88' lang='lat' dir='ltr'>propterea</span> <span class='ocrx_word' id='word_1_270' title='bbox 880 4079 962 4162; x_wconf 92' lang='lat' dir='ltr'>quod</span> <span class='ocrx_word' id='word_1_271' title='bbox 985 4083 1146 4165; x_wconf 65' lang='lat' dir='ltr'>deductore</span> <span class='ocrx_word' id='word_1_272' title='bbox 1181 4076 1261 4160; x_wconf 86' lang='lat' dir='ltr'>apud</span> <span class='ocrx_word' id='word_1_273' title='bbox 1288 4077 1419 4160; x_wconf 90' lang='lat' dir='ltr'>reliquos</span> 
     </span>
     <span class='ocr_line' id='line_1_33' title="bbox 298 4191 1419 4276; baseline -0.002 -21"><span class='ocrx_word' id='word_1_274' title='bbox 298 4191 459 4276; x_wconf 85' lang='lat' dir='ltr'>scriptores</span> <span class='ocrx_word' id='word_1_275' title='bbox 482 4192 602 4256; x_wconf 86' lang='lat' dir='ltr'>Atticos</span> <span class='ocrx_word' id='word_1_276' title='bbox 627 4214 687 4256; x_wconf 89' lang='lat' dir='ltr'>non</span> <span class='ocrx_word' id='word_1_277' title='bbox 711 4191 827 4275; x_wconf 80' lang='lat' dir='ltr'>legitur</span> <span class='ocrx_word' id='word_1_278' title='bbox 845 4213 934 4276; x_wconf 89' lang='lat' dir='ltr'>quam</span> <span class='ocrx_word' id='word_1_279' title='bbox 959 4192 1030 4276; x_wconf 89' lang='lat' dir='ltr'>quia</span> <span class='ocrx_word' id='word_1_280' title='bbox 1061 4191 1153 4256; x_wconf 82' lang='lat' dir='ltr'>Thuc.</span> <span class='ocrx_word' id='word_1_281' title='bbox 1185 4191 1284 4256; x_wconf 85' lang='lat' dir='ltr'>dicere</span> <span class='ocrx_word' id='word_1_282' title='bbox 1311 4191 1419 4256; x_wconf 89' lang='lat' dir='ltr'>solitus</span> 
     </span>
     <span class='ocr_line' id='line_1_34' title="bbox 298 4306 1420 4395; baseline -0.003 -22"><span class='ocrx_word' id='word_1_283' title='bbox 298 4317 414 4394; x_wconf 85' lang='grc' dir='ltr'><strong><em>πεῖραν</em></strong></span> <span class='ocrx_word' id='word_1_284' title='bbox 430 4308 632 4393; x_wconf 80' lang='grc' dir='ltr'><strong><em>(πρόπειραν)</em></strong></span> <span class='ocrx_word' id='word_1_285' title='bbox 650 4316 826 4385; x_wconf 78' lang='grc' dir='ltr'><strong><em>ποιεῖσθαι,</em></strong></span> <span class='ocrx_word' id='word_1_286' title='bbox 845 4329 906 4370; x_wconf 87' lang='lat' dir='ltr'>non</span> <span class='ocrx_word' id='word_1_287' title='bbox 929 4309 1119 4395; x_wconf 80' lang='grc' dir='ltr'><strong><em>λαμβάνειν,</em></strong></span> <span class='ocrx_word' id='word_1_288' title='bbox 1137 4307 1238 4392; x_wconf 88' lang='lat' dir='ltr'>potius</span> <span class='ocrx_word' id='word_1_289' title='bbox 1251 4306 1420 4390; x_wconf 86' lang='lat' dir='ltr'>scripturus</span> 
     </span>
     <span class='ocr_line' id='line_1_35' title="bbox 300 4419 1421 4507; baseline -0.002 -21"><span class='ocrx_word' id='word_1_290' title='bbox 300 4422 394 4486; x_wconf 87' lang='lat' dir='ltr'>fuisse</span> <span class='ocrx_word' id='word_1_291' title='bbox 418 4422 539 4486; x_wconf 85' lang='lat' dir='ltr'>videtur</span> <span class='ocrx_word' id='word_1_292' title='bbox 565 4427 747 4507; x_wconf 74' lang='grc' dir='ltr'><strong><em>ἀπόπειραν</em></strong></span> <span class='ocrx_word' id='word_1_293' title='bbox 773 4431 952 4489; x_wconf 80' lang='grc' dir='ltr'><strong><em>ποιεῖσθαι.</em></strong></span> <span class='ocrx_word' id='word_1_294' title='bbox 998 4419 1065 4486; x_wconf 85' lang='lat' dir='ltr'>Neo</span> <span class='ocrx_word' id='word_1_295' title='bbox 1089 4428 1191 4485; x_wconf 87' lang='lat' dir='ltr'>tamen</span> <span class='ocrx_word' id='word_1_296' title='bbox 1226 4420 1299 4484; x_wconf 85' lang='lat' dir='ltr'>haec</span> <span class='ocrx_word' id='word_1_297' title='bbox 1328 4439 1421 4506; x_wconf 85' lang='lat' dir='ltr'>argo·</span> 
     </span>
     <span class='ocr_line' id='line_1_36' title="bbox 303 4533 1422 4625; baseline -0.004 -21"><span class='ocrx_word' id='word_1_298' title='bbox 303 4545 423 4616; x_wconf 84' lang='lat' dir='ltr'>menta,</span> <span class='ocrx_word' id='word_1_299' title='bbox 445 4560 522 4625; x_wconf 88' lang='lat' dir='ltr'>quae</span> <span class='ocrx_word' id='word_1_300' title='bbox 538 4559 599 4602; x_wconf 91' lang='lat' dir='ltr'>non</span> <span class='ocrx_word' id='word_1_301' title='bbox 616 4535 792 4624; x_wconf 81' lang='lat' dir='ltr'>gravissima</span> <span class='ocrx_word' id='word_1_302' title='bbox 806 4559 871 4601; x_wconf 88' lang='lat' dir='ltr'>esse</span> <span class='ocrx_word' id='word_1_303' title='bbox 887 4537 1003 4617; x_wconf 88' lang='lat' dir='ltr'>sentio,</span> <span class='ocrx_word' id='word_1_304' title='bbox 1021 4559 1069 4603; x_wconf 87' lang='lat' dir='ltr'>mo</span> <span class='ocrx_word' id='word_1_305' title='bbox 1084 4536 1171 4601; x_wconf 86' lang='lat' dir='ltr'>valde</span> <span class='ocrx_word' id='word_1_306' title='bbox 1186 4541 1343 4601; x_wconf 86' lang='lat' dir='ltr'>moverent</span> <span class='ocrx_word' id='word_1_307' title='bbox 1360 4533 1422 4600; x_wconf 82' lang='lat' dir='ltr'>nisi</span> 
     </span>
    </p>
   </div>
   <div class='ocr_carea' id='block_1_7' title="bbox 0 0 1603 5220">
    <p class='ocr_par' dir='ltr' id='par_1_11' title="bbox 0 0 1603 5220">
     <span class='ocr_line' id='line_1_37' title="bbox 0 0 1603 5220; baseline 0 0"><span class='ocrx_word' id='word_1_308' title='bbox 0 0 1603 5220; x_wconf 95' lang='lat' dir='ltr'> </span> 
     </span>
    </p>
   </div>
  </div>
 </body>
</html>
