3190 5232
735 503 777 570 73

198 725 272 784 τωρ,
306 696 386 781 quod
419 717 575 782 nunquam
606 691 756 758 eiusmodi
782 689 1023 756 additamentum
1047 687 1219 756 comitatur.
1265 687 1312 754 uf.

198 833 226 874 v.
249 833 273 876 c.
298 810 381 874 VIII
405 814 456 876 67.
504 808 563 872 Vix
593 806 825 894 probabiliorem
857 805 986 870 arbitror
1007 804 1044 870 L.
1068 805 1220 870 Diodorfii
1245 827 1316 869 cou-

197 925 348 990 iaeturam
372 924 410 988 ad
434 923 511 988 Xon.
538 922 575 986 de
592 921 714 1006 Vectig.
731 920 767 985 H
782 922 798 1005 ό
816 923 834 984 7
859 919 1039 1006 corrigentis
1054 928 1176 1009 ἄρχειν.
1215 919 1315 999 Quare

198 1039 375 1105 vocabulum
417 1042 518 1126 ἀρχὴν
550 1059 721 1122 expungere
756 1035 858 1100 malim
887 1057 1015 1138 ‘memor
1056 1036 1190 1100 locorum
1218 1033 1236 1098 I
1271 1037 1312 1100 96

199 1152 277 1218 med.
302 1161 332 1216 et
355 1152 400 1217 IV
426 1153 467 1218 53
491 1153 585 1231 med„
610 1173 685 1235 quos
708 1150 814 1214 eodem
839 1149 1018 1214 emblemate
1041 1150 1185 1216 liberavit
1207 1149 1315 1216 Cobet.

199 1269 313 1334 Eodem
332 1267 460 1352 denique
477 1266 665 1332 liberandum
679 1265 814 1351 suspicor
825 1265 924 1328 locum
940 1265 1029 1330 illum
1046 1265 1313 1350 Xenophoutcum,

200 1407 260 1470 quo
283 1385 361 1448 facto
391 1383 432 1448 ibi
465 1381 656 1467 scripserim:
690 1388 743 1448 καί
777 1387 804 1447 εἷ
833 1382 1109 1466 μετοικοφιίλακάς
1144 1409 1179 1462 γε
1212 1383 1315 1468 ὥσπερ

199 1500 470 1586 όρφανοφτίλακας
503 1506 718 1583 ααθισταῒμεν
751 1504 814 1563 κτὲ.
842 1535 879 1544 -
916 1496 1090 1579 Sequuntur
1116 1495 1205 1560 verba
1228 1496 1314 1560 haec:

200 1623 254 1682 καί
277 1623 318 1701 μὴ
344 1619 421 1701 πρὸς
445 1619 501 1682 τόν
527 1616 627 1697 δῆμον
652 1615 726 1689 τοδς
750 1612 865 1692 λόγους
890 1609 973 1679 εἶναι
990 1619 1044 1679 τοῦ
1059 1618 1100 1697 μὴ·
1119 1621 1316 1696 καταφανεῖς

200 1733 408 1812 γίγνεσθαι
441 1733 528 1806 τούς
558 1735 599 1811 μὴ
634 1731 811 1802 πείσαντας
842 1730 878 1792 τό
901 1726 1037 1808 πλῆθος.
1084 1723 1168 1788 Bene
1196 1725 1317 1790 Goeller

199 1842 353 1906 intellexit
386 1842 418 1906 iu
449 1842 496 1905 hia
518 1839 616 1905 verbis
640 1839 757 1904 nullum
785 1861 848 1903 esse
872 1838 1054 1923 praesidium
1081 1838 1179 1906 locui
1203 1838 1249 1903 IV
1273 1842 1314 1906 46

200 1960 217 2042 t
237 1959 274 2036 3,
299 1979 387 2042 quem
408 1978 469 2020 oon
494 1955 602 2020 dubito
626 1954 700 2038 quin
724 1939 782 2019 hoc
804 1953 891 2018 modo
912 1953 1118 2019 restituendus
1141 1953 1200 2018 sit:
1226 1961 1256 2023 οἱ
1281 1957 1315 2023 δὲ

200 2083 255 2141 τοῦ
279 2075 379 2158 δῆμον
406 2087 582 2157 προστάται
609 2071 688 2154 [τῶν
706 2076 914 2159 Κερκυραίων
940 2069 1019 2156 dele]
1049 2072 1188 2148 δεδιότες
1216 2077 1258 2155 μὴ
1287 2073 1318 2136 οί

201 2187 383 2274 Ἀθηναῖοι
411 2189 552 2262 αὐτούς
585 2187 651 2270 (pro
679 2187 765 2271 τούς)
796 2186 955 2264 ἐλθόντας
979 2187 1035 2252 οὐκ
1071 2187 1315 2252 ἀποκτείνωσιν.

244 2300 318 2384 Cap.
344 2303 385 2365 28
409 2301 425 2384 b
451 2303 479 2364 l.
528 2307 567 2367 Οί
597 2302 630 2367 δὲ
661 2302 740 2386 [τῶν
769 2298 930 2386 Ἀργείων
961 2301 1092 2385 ἄνδρες]
1122 2301 1316 2374 α’κοιίσαντες

202 2417 310 2499 ἐπειδὴ
337 2420 524 2499 ἀπήνεγκαν
547 2423 626 2482 ari..
659 2415 780 2480 Inclusa
804 2414 906 2479 abesse
930 2414 1032 2478 malim
1065 2414 1113 2478 hic
1147 2420 1179 2478 et
1213 2412 1315 2478 simili·

201 2535 249 2593 ter
273 2532 313 2594 37
338 2530 356 2613 ό
380 2533 415 2594 2:
443 2536 496 2596 καί
521 2537 553 2596 o‘l
580 2530 659 2614 [τῶν
682 2528 846 2616 Ἀργείων
873 2530 1004 2615 ἄνδρες]
1035 2535 1076 2606 ως
1099 2537 1241 2619 ᾔσθοντο
1261 2535 1315 2596 αό-

200 2651 274 2722 τοός
297 2646 489 2731 δεχομένους
512 2651 568 2714 τόν
597 2647 692 2728 λόγον
715 2653 780 2712 κτὲ.
826 2643 871 2709 Of.
897 2643 943 2708 IV
967 2644 1009 2709 33
1032 2647 1048 2729 ό
1072 2645 1109 2722 3,
1135 2646 1176 2710 68
1201 2646 1215 2726 l
1239 2644 1268 2708 5.

245 2757 318 2842 Cap.
345 2760 386 2823 29
410 2758 427 2842 ό
452 2762 481 2824 1.
507 2758 572 2823 dele
595 2762 716 2828 αὐτῶν.
764 2758 843 2823 Vide
866 2758 935 2822 adn.
960 2757 998 2821 ad
1021 2757 1055 2821 II
1080 2761 1098 2820 7
1123 2759 1140 2842 ό
1164 2762 1193 2823 1.
1233 2756 1315 2826 †1b‚

201 2875 423 2960 κατέστραπτο
447 2870 631 2960 [ὑπήκοον]
662 2879 677 2955 †
701 2873 748 2938 lb.
772 2875 837 2959 i3·
861 2871 940 2935 Vide
966 2871 1003 2936 nd
1032 2894 1093 2956 cap,
1125 2873 1167 2938 18
1195 2878 1270 2936 extr.

245 2987 318 3073 Cap.
343 2991 385 3054 30
409 2991 422 3072 t
447 2992 475 3053 1.
512 2999 566 3056 καί
590 2997 730 3078 Ιἠτιῶντο
755 2999 814 3074 τῆν
839 3018 872 3058 τε
898 2997 1046 3076 ἐσήγησιν
1071 2995 1135 3056 τοῦ
1160 2993 1316 3062 παντός.

201 3104 362 3188 Perpetem
394 3103 558 3168 scholiasta
589 3114 642 3173 τοῦ
674 3106 810 3190 παντὸς]
843 3106 961 3173 δεινοῦ.
1015 3103 1081 3166 Imo
1114 3111 1168 3170 τοῦ
1197 3108 1318 3178 παντὸς

72 3293 78 3298 ,
201 3227 434 3305 πράγματος.
460 3218 505 3284 Of.
525 3220 541 3283 I
559 3223 622 3286 128
647 3220 725 3285 med.
746 3219 782 3283 de
798 3220 965 3284 Pausaniae
981 3218 1167 3302 proditioue:
1189 3225 1318 3286 καὶτοῦ

202 3338 344 3409 παντὸς
371 3343 595 3420 πράγματος
619 3337 721 3424 ἀρχὴν
747 3340 930 3419 ἐποιήσατο.
963 3371 1006 3381 -
1041 3333 1087 3398 Ib.
1113 3335 1130 3418 ό
1158 3334 1178 3397 3
1206 3332 1319 3396 scribae

203 3468 301 3510 errore
325 3446 402 3510 male
426 3447 588 3531 repetitum
615 3454 662 3512 est
686 3470 851 3534 pronomen
876 3450 907 3513 in
932 3449 1049 3515 verbis:
1081 3455 1255 3534 Κορίνθιοι
1284 3452 1319 3516 δὲ

201 3569 372 3651 παρόντων
389 3569 475 3648 σφίσι
492 3573 557 3633 τῶν
575 3568 746 3652 ξυμμάχων
772 3570 839 3632 ὅσοι
857 3564 924 3633 οὐδ’
938 3569 1060 3634 αὐτοί
1087 3568 1239 3644 ἐδέξαντο
1264 3570 1321 3641 τὰς

202 3683 344 3756 σπονδὰς
364 3718 408 3727 -
423 3680 645 3767 παρεκάλεσαν
664 3679 693 3746 δ’
711 3683 827 3759 αὐτούς
855 3682 976 3766 [αὐτοί]
996 3688 1150 3765 πρότερον
1173 3718 1210 3726 -
1227 3679 1321 3746 οίντέ-

202 3796 297 3878 λεγον
325 3804 393 3872 τοῖς
416 3797 699 3879 Λακεδαιμονίοις.

246 3906 317 3994 Cap.
342 3910 382 3974 31
408 3911 424 3993 ᾧ
448 3909 478 3974 5.
527 3915 668 3975 Βοιωτοὶ
694 3911 727 3974 δὲ
753 3917 807 3976 καί
828 3919 983 3997 Μεγαρῆς
1003 3915 1038 3976 τό
1061 3907 1317 3992 αὐτό(1.ταιίτό)

202 4023 351 4104 λέγοντες
372 4027 531 4112 ήσιίχαζον
545 4030 774 4109 περιορώμενοι
795 4026 869 4108 [ὑπὸ
886 4033 950 4093 τῶν
966 4026 1249 4110 Λακεδαιμονίων]
1265 4031 1320 4091 καί

203 4139 388 4221 νομίζοντες
401 4143 487 4221 σφίσι
512 4145 569 4222 τὴν
589 4138 751 4225 Ἀργείων
765 4142 989 4225 δημοκρατίαν
1008 4141 1117 4217 αὐτοῖς
1130 4140 1322 4227 ὀλιγαρχου-

201 4254 311 4335 μένοις
346 4246 442 4336 ἧσσον
466 4257 628 4338 ξύμφορον
655 4250 738 4350 εἶναι
765 4263 820 4336 τῆς
845 4256 1115 4340 Λακεδαιμονίων
1144 4257 1321 4331 πολιτείας.

202 4364 301 4430 Verba
317 4365 542 4450 circumscripta
559 4366 669 4429 sciolus
686 4365 763 4429 male
779 4366 934 4430 intellecta
950 4366 980 4429 vi
999 4366 1083 4431 verbi
1097 4375 1320 4452 περιορᾶσθαι,

201 4479 221 4543 i.
242 4501 266 4544 e.
292 4481 398 4555 (caute
418 4479 675 4565 circumspicere)
694 4480 730 4543 de
747 4503 802 4544 suo
818 4478 1009 4564 interposuit.
1033 4480 1079 4545 cf.
1108 4480 1154 4543 VI
1178 4481 1220 4545 93
1247 4479 1321 4564 μὲλ-

203 4593 314 4670 λοντες
337 4591 365 4661 δ’
380 4597 427 4661 ἔτι
452 4601 506 4662 καί
523 4601 771 4680 περιορώμενοι,
790 4595 854 4660 103
871 4602 902 4661 οἳ
917 4603 1071 4682 πρότερον
1088 4603 1317 4682 περιεωρῶντο,
