3190 5232
734 472 777 536 45

198 664 270 728 bulo
293 661 386 727 Thur.
413 660 440 722 V
464 662 507 726 53
530 661 547 744 ᾧ
574 664 603 724 1.
628 660 664 723 In
690 661 747 723 fine
770 681 830 723 non
856 660 929 723 mihi
948 661 1044 744 primo
1060 661 1214 744 negotium
1237 669 1317 726 creat

198 780 397 864 ἑσσαμένων,
420 796 474 860 pro
497 796 556 858 quo
569 775 620 838 alii
641 774 726 838 codd.
747 773 857 842 habeut
874 779 1050 859 ἑσαμένων,
1063 775 1115 838 elii
1129 778 1314 861 εἱσαμένων.

198 891 379 969 Scholiasta,
404 890 456 974 qui
481 889 612 974 explicat
629 892 903 975 ἱδρυσαμένων,
920 887 1048 953 fortasse
1068 889 1243 974 imprudens
1257 891 1315 955 uti·

198 1014 250 1070 tur
282 1027 316 1069 ea
350 1005 415 1088 ipsa
447 1025 538 1082 voce,
561 1027 651 1089 quam
676 1003 747 1066 olim
772 1003 929 1086 scripserat
952 1003 1126 1070 historicus.
1150 1003 1196 1067 Of.
1223 1004 1260 1070 V.
1277 1005 1313 1071 L.

200 1119 323 1184 illarum
339 1125 420 1182 certe
439 1118 602 1182 formarum
627 1117 732 1181 Attica
753 1115 836 1180 nulla
859 1123 914 1178 est.
933 1117 1072 1202 Cogitavi
1090 1117 1126 1181 de
1140 1121 1313 1204 ίοαμένων,

199 1234 269 1312 sed,
287 1241 357 1298 utut
380 1240 443 1312 est,
468 1231 557 1296 verba
580 1232 735 1314 sequeutia
760 1237 814 1297 καί
841 1240 1018 1300 κτισάντων
1037 1233 1162 1315 genuini
1179 1232 1315 1297 vocabuli

198 1349 502 1433 interpretamentum
526 1369 588 1411 esse
612 1345 661 1408 vix
685 1342 801 1409 dubito.

243 1461 316 1548 Gap.
348 1463 390 1527 59
421 1463 487 1545 tl.
513 1465 686 1544 priscellae
716 1462 750 1526 δὲ
782 1465 835 1525 καί
868 1461 1108 1543 ἐπικλασθῆναι
1137 1472 1174 1549 τῇ
1202 1467 1313 1551 γνώμῃ

199 1580 296 1663 οἴκτῳ
316 1584 456 1660 σώφρονι
480 1577 654 1662 λαβόντας,
678 1583 719 1660 μὴ
745 1565 791 1641 ών
816 1581 992 1658 πεισόμεθα
1017 1584 1116 1660 μόνον
1143 1579 1314 1661 δεινότητα

202 1692 555 1774 [κατανοοῦντας]
581 1691 652 1756 ἀλλ’
676 1691 739 1756 οἷοί
762 1717 795 1755 τε
819 1697 862 1757 ἂν
886 1696 976 1766 ὄντες
1002 1699 1165 1775 πάθοιμεν
1191 1696 1246 1758 καί
1271 1696 1313 1769 ὠς

199 1811 408 1893 ἀστάθμητον
444 1811 479 1871 τό
505 1815 559 1888 τῆς
583 1808 746 1889 ξυμφορᾶς
773 1811 835 1870 κτὲ.
881 1802 966 1878 Quid
990 1804 1031 1867 sit
1054 1808 1151 1890 οίίιτῳ
1174 1811 1316 1890 σώφρονι

200 1921 380 2008 λαμβάνειν
416 1941 505 1984 nemo
537 1917 625 1982 facile
649 1917 759 1981 dixerit
767 1945 776 1996 3
801 1917 854 1981 sed
879 1918 982 2002 procul
1010 1917 1103 1982 dubio
1126 1917 1315 2002 iungendum

200 2042 246 2098 est
268 2048 307 2122 τῇ
327 2041 437 2121 γνώμῃ
459 2034 641 2121 λαβόντας,
664 2053 724 2116 quo
747 2032 903 2097 intellecto
927 2033 1173 2118 transpositoque
1198 2033 1316 2116 virgula

202 2150 289 2234 (quoe
311 2148 424 2232 legitur
438 2154 507 2232 post
522 2148 700 2234 λαβόντας)
715 2155 783 2230 post
800 2147 1052 2230 ἐπικλασθῆναι,
1073 2152 1181 2229 sponte
1196 2145 1316 2209 excidet

199 2263 345 2328 formulae
371 2273 409 2350 τῇ
430 2269 540 2349 γνώμῃ
557 2263 719 2348 λαβόντας
735 2261 1039 2344 interpretamentum
1060 2269 1314 2340 κατανοοῦντας,

200 2383 232 2442 et
256 2377 335 2443 clare
359 2401 392 2443 ao
414 2379 572 2464 perspicua
594 2387 683 2443 eruut
706 2377 826 2456 omnia,
851 2377 910 2442 nisi
934 2376 1013 2462 quod
1030 2376 1092 2440 fere
1109 2374 1225 2438 malim:
1248 2379 1316 2441 ἐπι-

200 2495 384 2579 κλασθῆναι
414 2499 543 2580 οἴκτῳ
574 2500 757 2580 σώφρονι
782 2508 828 2580 τῇ
845 2493 1170 2580 μνώμῃλαβόντας
1195 2495 1315 2556 κτεῖ-

201 2607 248 2672 Ad
272 2609 524 2692 ἐπικλασθῆναι,
543 2607 588 2673 cf.
613 2610 653 2673 67
678 2610 746 2692 ol:
764 2612 934 2682 οξκοιίοντες
955 2606 1181 2688 ἐπικλασθῆτε.
1208 2639 1251 2650 -
1267 2600 1315 2666 Ib-

199 2725 215 2806 δ
251 2722 271 2785 3
298 2733 342 2808 τῷ
370 2726 573 2809 αἰσχίστῳ
600 2722 726 2809 ὀλέθρῳ
755 2721 836 2805 λίμῳ
858 2719 1055 2802 τελευτῆσαι.
1103 2716 1215 2799 Aptius
1239 2716 1317 2780 foret

200 2847 243 2924 τῷ
256 2837 437 2922 οέλνίστιρ,
456 2834 495 2898 cl.
514 2835 584 2920 Lys.
599 2833 672 2920 VI§
690 2838 719 2915 l,
731 2856 827 2918 neque
843 2833 980 2896 additum
998 2834 1079 2919 λίμῳ
1096 2831 1133 2896 eb
1151 2832 1233 2894 omni
1250 2854 1316 2895 aus-

199 2950 318 3034 picione
340 2949 468 3014 liberum
493 2960 550 3014 est.
574 2949 769 3014 Intellectum
789 2956 870 3012 certe
888 2969 979 3032 quam
996 2946 1182 3032 adscriptum
1200 2947 1316 3010 malim.

203 3067 286 3131 uxor.
310 3089 372 3153 cop.
397 3066 617 3154 supplendum:
643 3070 798 3150 γενέσθαι
824 3070 858 3134 δι’
883 3076 1024 3152 σωτῆρας
1047 3070 1159 3149 ήμῶν
1185 3063 1315 3147 (ὑμᾶς)

201 3187 256 3249 καί
281 3189 323 3267 μὴ
345 3187 417 3258 τούς
439 3183 560 3259 ἄλλους
582 3182 750 3268 Ἓλληνας
775 3184 1026 3267 ἐλευθεροῦντας
1042 3188 1145 3263 ἡμᾶς
1162 3178 1318 3245 διολέσαι.

245 3295 316 3381 Cap.
353 3299 404 3361 62.
440 3296 518 3361 med.
539 3303 704 3379 ἐγγυτάτω
728 3300 761 3364 δὲ
786 3305 1013 3381 τυράννου.
1061 3292 1176 3356 Mirum
1204 3292 1236 3355 ui
1260 3291 1317 3356 Th.

201 3411 323 3496 scripsit
346 3414 617 3500 τυραννίδος.

245 3537 264 3604 †
289 3525 362 3609 Cap.
387 3527 440 3591 63.
466 3533 521 3606 τὰς
544 3529 655 3611 ὁμοίας
681 3535 812 3614 χάριτας
836 3533 876 3610 μὴ
899 3526 1194 3592 ἀντιδιδόναι.
1223 3522 1318 3587 Grae·

202 3663 268 3704 oum
292 3647 339 3704 est
363 3643 706 3709 ἀνταποδιδόναι
732 3648 838 3729 χάριν,
865 3645 898 3701 ut
921 3646 1001 3703 recte
1018 3639 1130 3724 legitur
1146 3641 1163 3724 δ
1179 3641 1208 3704 6.
1235 3638 1316 3702 (lou-

202 3738 292 3820 trario
316 3775 413 3818 errore
438 3757 478 3819 67
503 3757 519 3840 θ
543 3755 562 3820 5
587 3754 748 3840 scriptum:
775 3760 828 3820 καί
846 3755 903 3820 οὐκ
920 3757 1238 3830 άνταποδόντες
1257 3762 1315 3822 νῦν

201 3879 260 3956 τὴν
285 3875 358 3956 ἴσην
383 3876 551 3958 τιμωρίαν,
579 3869 630 3937 ubi
648 3892 749 3934 verum
768 3875 813 3932 est
826 3874 880 3935 καί
893 3873 948 3936 οόκ
961 3876 1004 3935 άν
1016 3872 1038 3934 α’
1049 3898 1066 3937 ν
1077 3895 1115 3934 τι
1126 3870 1282 3944 δόντες.
1301 3863 1317 3941 l

244 3985 315 4071 Cap.
342 3989 384 4052 64
407 3985 476 4050 init.
507 3986 612 4068 Δῆλον
637 3987 665 4052 τ’
688 3990 857 4068 ἐποιήσατε
879 3986 952 4052 οὐδὲ
976 3990 1045 4049 τότε
1068 3987 1131 4050 τών
1149 3982 1316 4066 Ἑλλήνων

201 4102 297 4169 ἕνεκα
324 4107 416 4186 μόνοι
440 4106 476 4167 σὺ
500 4102 691 4184 μηδίσαντες
718 4097 790 4165 ἀλλ’
815 4103 865 4165 ὅτι
891 4100 960 4166 οὐδ’
987 4095 1188 4184 Ἀθηναῖοι,
1216 4097 1316 4184 [ὑμεῖς

202 4218 251 4300 δι’]
289 4227 356 4294 τοῖς
390 4223 450 4303 μὲν
482 4218 584 4283 ταύτά
620 4216 811 4302 βουλόμενοι
837 4212 971 4299 [ποιεῖν]
997 4222 1063 4289 τοῖς
1085 4214 1118 4279 δι’
1143 4215 1317 4279 τάναντία.

202 4331 368 4416 Aliquanto
390 4330 560 4416 expeditior
582 4329 631 4393 hie
653 4329 735 4393 locos
758 4328 815 4392 erit
834 4333 987 4412 expuncto
1007 4325 1214 4391 additamento
1229 4330 1316 4408 ὑμεῖς

203 4447 235 4512 δι’
270 4447 355 4529 (uem
388 4445 551 4531 cogitando
574 4444 713 4530 supplere
736 4467 805 4509 oum
827 4443 1047 4529 interpretibus
1070 4447 1126 4510 οόκ
1148 4441 1316 4527 ἐμηδίσατε

203 4558 285 4624 nulla
309 4581 364 4624 nos
388 4559 461 4624 sinit
483 4560 690 4647 grammatica)
712 4558 791 4646 quod
814 4581 875 4625 uon
899 4557 1047 4644 expressit
1064 4558 1096 4620 in
1114 4552 1248 4620 versione
1264 4575 1318 4620 sua
