3190 5232
736 482 777 550 85

192 673 305 755 ἄρχειν
336 675 493 755 ἄριστα
531 670 793 756 βελτίστους.
856 673 919 736 Aut
952 675 1139 762 βελτίστους
1171 695 1310 762 expungi

193 803 260 844 cum
285 779 441 866 linigero,
464 790 518 846 aut
542 805 657 847 mecum
681 792 805 870 ἄριστα.
832 785 879 852 cf.
904 787 942 852 u.
966 785 1000 852 C.
1024 810 1054 871 p.
1080 789 1154 854 156.
1174 828 1218 836 -
1236 789 1310 854 Mox

194 896 211 977 λ
237 897 255 959 2
278 899 443 981 ξιίμπαν
474 897 654 983 ἀφελομένη
679 901 754 984 ἔχει.
795 897 878 984 Lege
901 903 1105 985 ξείμπαντ’
1128 905 1310 992 ἀφελομένη

194 1012 275 1097 ἔχει,
300 1031 339 1074 sc.
366 1016 405 1077 τὰ
421 1011 578 1096 ὠφέλιμα.

235 1120 307 1206 Cap.
332 1126 376 1190 40
399 1125 415 1209 p
441 1126 470 1188 1.
493 1133 687 1211 ἡγησάμενοι
707 1164 746 1172 -
771 1133 840 1193 καί
864 1137 919 1196 τοῦ
944 1135 1066 1205 παντὸς
1090 1133 1309 1200 κινδυνεῦσαι.

192 1234 227 1300 L.
252 1243 324 1305 κᾶν.
609 1312 610 1316 ,

235 1349 307 1436 Cap.
332 1355 384 1417 42.
412 1353 497 1438 [καί]
525 1359 556 1431 ἐς
576 1359 634 1438 τὴν
650 1354 798 1423 Ἰταλίαν
824 1361 878 1422 καί
903 1357 1072 1424 Σικελίαν.
1117 1356 1237 1442 Duplici
1255 1365 1309 1426 καί

190 1465 240 1529 hic
262 1465 347 1530 locus
371 1489 431 1531 non
456 1473 519 1547 est;
551 1469 576 1532 si
601 1476 695 1547 esset,
719 1469 848 1554 repetita
876 1469 1102 1555 praepositionis
1126 1477 1157 1535 et
1179 1473 1309 1537 articulo

189 1577 381 1644 scribendum
404 1581 500 1645 foret:
526 1589 579 1648 καί
609 1584 652 1664 (ἐς
677 1587 747 1668 τὴν)
774 1588 943 1654 Σικελίαν.

233 1693 305 1779 Cap.
330 1698 374 1759 44
397 1698 410 1778 p
436 1699 454 1759 2
479 1703 554 1761 extr.
580 1696 655 1761 Vide
678 1697 716 1761 ad
740 1697 787 1762 IV
811 1702 853 1764 24
876 1702 892 1784 p
913 1701 942 1766 3.
971 1703 1044 1783 -ξ
1070 1704 1123 1766 11.
1146 1703 1310 1770 λιθσλό·

190 1837 289 1893 γους
326 1816 380 1876 καὶ
405 1813 570 1890 τέκτονας.
617 1811 701 1876 Hinc
736 1814 903 1897 corrigatur
936 1813 1046 1900 Cyrop.
1082 1814 1144 1880 HI.
1169 1820 1187 1880 2
1214 1818 1230 1900 δ
1255 1820 1307 1882 11.

191 1927 339 2004 τέκτονες
362 1953 395 1992 τε
421 1932 475 1992 καὶ
500 1928 727 2013 λιθοδόμοι,
753 1927 805 1992 ubi
830 1928 861 1993 in
885 1929 952 1993 aliis
976 1936 1023 1993 est
1046 1932 1224 2017 λιθοτόμοι.
1249 1930 1309 1995 Ve-

189 2059 256 2100 rum
279 2059 343 2100 esse
368 2037 535 2122 λιδολόγοι
561 2039 622 2103 iam
649 2039 827 2105 Piersonum
844 2040 883 2105 ad
899 2041 1067 2108 Moeridem
1089 2044 1109 2110 i.
1131 2067 1159 2110 v,
1177 2046 1309 2133 λιθουρ-

190 2155 265 2234 γοδς
290 2152 344 2215 sed
364 2154 546 2237 nequiquam
570 2155 721 2218 monuisse
745 2155 841 2221 video.

234 2263 306 2350 (lap.
325 2268 367 2332 46
392 2267 454 2351 pl.
478 2273 531 2346 οὓς
555 2277 707 2353 πρῶτον
731 2273 870 2355 ἤρξαντο
889 2274 1030 2338 πείθειν.
1056 2270 1190 2335 Emenda
1215 2277 1308 2358 πρὼ-

190 2408 289 2458 τους.
331 2380 417 2444 Idem
441 2403 523 2445 error
547 2389 578 2446 et
600 2384 675 2448 alios
700 2384 827 2448 forsitan
848 2385 930 2448 locos
946 2385 1067 2449 obsidet
1091 2392 1121 2450 et
1144 2389 1187 2452 48
1212 2385 1307 2465 med.,

191 2492 244 2558 ubi
269 2495 288 2560 l.
310 2504 484 2581 πρώτους
510 2499 543 2563 δὲ
568 2485 699 2566 πείθειν
714 2503 928 2585 Μεσσηνίους.
952 2499 1027 2562 Mox
1045 2521 1098 2584 pro
1122 2501 1307 2588 οίλογώτερα

191 2609 310 2694 requiro
340 2611 566 2696 superlativum.

236 2721 310 2809 Cup.
336 2727 378 2792 50
401 2729 418 2812 p
442 2729 471 2792 3.
498 2725 574 2790 Vide
598 2724 670 2791 adn.
693 2725 731 2790 ad
755 2724 783 2786 V
807 2730 837 2791 2.

235 2838 307 2924 Cap.
334 2842 386 2905 51.
410 2843 596 2919 ἐσελθόντες
622 2844 782 2927 ἠγόραζον
806 2843 851 2926 [ἐς
873 2850 932 2926 τὴν
961 2843 1083 2927 πόλιν].
1107 2841 1178 2906 Tria
1200 2841 1308 2907 ultima

190 2955 334 3020 vocabula
357 2956 455 3020 otiosa
478 2963 550 3021 sunt
571 2995 614 3006 —
643 2979 713 3021 nam
736 2979 752 3020 e
777 2958 958 3041 praegressis
991 2957 1092 3041 potius
1115 2956 1307 3040 cogitandum

190 3075 222 3147 ἐς
244 3075 302 3154 τὴν
324 3073 447 3139 πυλίδα
461 3078 545 3135 -et
567 3072 633 3136 loco
657 3072 755 3156 posito
780 3072 887 3135 alieno.
921 3072 994 3136 Mox
1019 3071 1135 3136 malim:
1161 3078 1203 3149 ὥς
1220 3070 1306 3139 εἶδον

190 3191 226 3253 τὸ
251 3194 430 3272 στράτευμα
458 3188 553 3255 ἔνδον
583 3190 660 3271 (ὄν);
683 3186 722 3250 cf.
746 3186 781 3250 ΙΙ
806 3188 826 3251 3
850 3189 866 3271 ᾧ
891 3190 920 3250 1.

234 3298 309 3383 Cap.
334 3300 375 3363 52
400 3300 416 3382 ᾧ
443 3302 470 3365 l.
496 3299 643 3365 Voculam
667 3329 700 3367 τε
724 3306 796 3384 post
818 3306 852 3366 ἐκ
876 3300 952 3364 beue
974 3299 1103 3385 explicat
1126 3299 1239 3384 Puppe.

233 3410 306 3497 Cap.
331 3413 372 3478 53
397 3413 459 3496 pl.
486 3421 543 3496 τὴν
561 3415 775 3498 Σαλαμινίαν
800 3415 922 3500 [ναῦν]Ι
947 3413 1175 3478 substantivum
1195 3412 1306 3476 delevit

189 3525 286 3592 Cobet
302 3529 340 3592 ad
358 3528 554 3614 Hyperidem.
579 3528 892 3613 Interpretamentum
910 3535 990 3593 reete
1011 3529 1114 3593 omisit
1126 3527 1306 3593 Plutarchus

190 3641 244 3705 vit.
263 3640 362 3707 Alcib.
387 3663 411 3706 ο.
439 3644 488 3705 21,
515 3639 560 3704 Of.
581 3643 620 3707 61
639 3643 656 3724 p
673 3643 692 3708 5
712 3641 776 3725 (ubi
794 3643 841 3706 bis
865 3643 1011 3706 omissum
1037 3649 1098 3720 est,
1120 3641 1172 3706 sed
1197 3641 1307 3706 iterum

189 3755 376 3840 adscriptum
400 3758 413 3838 p
437 3759 468 3836 4)
494 3762 526 3820 et
549 3754 667 3837 III-32
690 3755 769 3820 med.
793 3762 823 3818 et
849 3758 889 3818 7'(
913 3760 989 3818 extr.

225 3865 309 3955 Cap.
335 3872 377 3937 54
400 3873 416 3956 p
440 3872 469 3937 5.
495 3877 549 3936 καί
571 3873 786 3955 ἐπετήδευσαν
810 3876 862 3937 ἐπί
881 3872 1031 3938 πλεῖστον
1056 3871 1093 3952 δὴ
1120 3877 1306 3954 τύραννοι

191 3975 279 4052 οὗτοι
307 3988 422 4068 σίρετὴν
446 3989 500 4048 καί
528 3986 666 4062 ξιίνεσιν.
702 3980 780 4045 Cave
805 3983 952 4067 corrigas:
972 3985 1025 4066 (οὸ
1045 3992 1198 4069 τύραννοι
1218 3974 1306 4051 οὗτοι

192 4106 273 4172 κτὲ.,
302 4121 394 4175 nam„
419 4104 454 4160 ut
483 4102 563 4160 rectu
593 4097 744 4160 intellexit
776 4097 848 4176 Kr.‚
881 4106 1034 4184 τύραννοι
1058 4106 1104 4162 est
1127 4098 1306 4183 appositum.

190 4213 259 4275 Nisi
283 4211 358 4274 forte
381 4209 587 4273 scribendum:
613 4216 665 4276 ἐπί
690 4212 839 4280 πλεῖστον
864 4214 901 4297 δὴ
927 4222 1127 4298 τυράννων
1153 4220 1216 4279 κτὲ.
1241 4213 1262 4276 i.
1280 4235 1306 4276 e.
1350 4267 1354 4273 .

191 4326 363 4410 (omnium)
383 4332 599 4411 tyrannorum
618 4323 808 4390 diutissime.
823 4366 865 4374 —-
877 4328 927 4394 Ib.
946 4331 1004 4414 pl.
1027 4336 1045 4396 ὁ
1065 4332 1162 4413 δῆμος
1183 4331 1307 4417 [Ἀθη-

193 4444 320 4527 ναίων]Ι
344 4440 464 4504 Nomen
488 4439 518 4504 h.
542 4439 562 4503 l.
588 4439 719 4503 otiosum
743 4434 842 4505 delere
866 4443 961 4506 satius
977 4443 1078 4507 iudico
1102 4466 1191 4528 quam
1216 4444 1306 4508 corri-

192 4579 261 4642 gere
284 4563 301 4622 ό
328 4558 423 4642 δῆμος
446 4561 464 4620 o‘
488 4555 695 4641 Ἀθηναίων.
