3190 5232
716 491 756 556 37

173 685 362 772 θαλίισσης]Ι
409 682 501 747 Thac.
519 687 599 746 certe
621 677 805 767 scripsisset:
830 691 887 768 τὴν
914 685 1030 760 ε’λπίδα
1055 695 1126 755 τοῦ
1150 715 1293 773 κατορ·

172 811 330 870 θώσειν
356 808 468 886 ἐντῷ
488 811 676 884 ναυτικῷ
695 804 738 863 et:
757 805 813 868 τὸν
832 804 933 887 φόβου
955 811 1024 868 τοῦ
1048 811 1292 886 ἡσσηθῆναι

172 924 275 984 κατὰ
303 917 536 984 θάλασσαν.
561 912 606 977 Of.
633 915 692 997 52.
1110 897 1112 900 ¹

213 1030 288 1116 Cap.
314 1033 355 1098 90
380 1031 396 1114 5
422 1033 449 1094 1,
476 1034 532 1098 oia
557 1029 714 1095 ἐπέπλεον
741 1035 770 1106 ἐς
794 1028 851 1096 τὸν
877 1031 998 1097 κόλπον
1022 1029 1091 1113 [καί
1110 1037 1148 1098 τὰ
1167 1034 1290 1117 στενά].

170 1143 287 1208 Ultima
317 1143 468 1227 adscripta
499 1143 639 1207 ridentur
670 1165 705 1206 ex
730 1145 771 1210 89
799 1147 815 1229 5
839 1145 868 1209 5.
916 1142 1055 1208 Ceterum
1080 1144 1105 1208 si
1131 1145 1198 1228 quis
1222 1146 1292 1209 talia

170 1258 372 1343 amplectitur,
398 1264 434 1326 οὐ
458 1265 580 1342 φθονῶ.

215 1371 286 1456 Cap.
313 1374 352 1436 91
379 1375 395 1456 5
420 1375 453 1435 1.
502 1378 612 1458 Ταιίτη
636 1377 695 1454 μὲν
721 1367 778 1438 οὖν
804 1375 835 1436 οἱ
856 1371 1113 1455 Πελοποννήσιοι
1136 1377 1291 1460 ἐκράτουν

173 1490 220 1571 [τε
254 1495 306 1554 καί
340 1491 548 1574 ἔφθειραυ
580 1494 637 1565 τὰς
665 1484 824 1564 Ἀττικὰς
857 1487 959 1570 ναῦς]Ι
1008 1485 1189 1569 Quicunque
1220 1488 1293 1551 haco

170 1601 260 1665 rerba
285 1601 357 1664 mihi
386 1600 547 1665 admodum
571 1606 707 1686 suspecta
730 1599 902 1685 Thucydidi
926 1599 1111 1679 vindicabit,
1136 1601 1162 1662 is
1186 1602 1292 1679 saltem

171 1724 224 1784 καί
250 1719 439 1804 διέφθειραν
464 1715 615 1800 corrigat.
644 1723 678 1779 ut
701 1721 783 1779 recte
796 1713 909 1799 legitur
925 1737 989 1799 cap.
1009 1729 1107 1799 praec.¹
1122 1717 1139 1800 5
1156 1719 1195 1795 4,
1211 1717 1292 1782 unde

170 1833 244 1897 haec
266 1831 365 1916 petita
387 1837 467 1896 suut.
509 1829 598 1894 Certo
622 1830 702 1892 enim
728 1827 901 1892 discrimine
925 1827 1005 1912 apud
1030 1827 1122 1900 Thac.
1146 1838 1291 1917 φθείρειν

170 1969 319 2030 nusquam
337 1944 462 2030 ponitur
486 1967 539 2028 pro
564 1946 766 2030 διαφθείρειν
792 1965 881 2006 sensu
905 1952 961 2011 τοῦ
987 1945 1172 2010 καταδύειν.
1200 1942 1246 2006 Of.
1276 1943 1294 2006 Ι

171 2063 223 2139 29,
249 2063 303 2138 54,
331 2063 404 2138 100,
429 2059 526 2124 1192
550 2062 567 2144 5
591 2057 683 2136 ubis,
708 2059 725 2142 5
757 2058 776 2122 3
806 2064 836 2120 et
855 2057 972 2142 passim.
1021 2057 1066 2120 Ex
1096 2057 1200 2122 eodem
1226 2060 1291 2122 loco

169 2175 299 2260 profecit
325 2175 352 2238 is
378 2175 430 2258 qui
456 2173 651 2259 interpolavit
671 2172 760 2237 verba
779 2172 955 2258 sequentia:
977 2179 1071 2259 αίπερ
1086 2175 1290 2258 ὑπεξέφυγον

168 2303 228 2376 τὴν
253 2297 448 2378 ἐπιστροφὴν
477 2297 508 2368 ἐς
535 2297 593 2373 τὴν
617 2291 820 2376 εὐρυχωρίαν.

214 2403 285 2488 Cap.
314 2406 355 2469 92
383 2405 399 2488 5
428 2404 457 2468 3.
486 2407 622 2489 ἔστησαν
651 2439 690 2448 -
722 2412 877 2490 τροπαῖον
909 2401 963 2483 [ὥς
987 2401 1204 2487 νενικηκότες]
1234 2411 1288 2484 τῆς

166 2529 284 2605 τροπῆς
309 2527 375 2586 κτὲ.
425 2517 511 2581 Idem
539 2516 685 2600 emblema
714 2523 744 2580 et
768 2515 865 2580 simile
889 2524 931 2592 ὡς
956 2528 1146 2600 νικήσαντες
1171 2515 1288 2598 saepius

165 2634 346 2704 tollendum.
370 2631 468 2696 Cobet
490 2632 551 2696 iam
575 2631 701 2695 sustulit
724 2631 742 2694 Ι
766 2633 818 2696 64.
843 2630 889 2694 Ib.
917 2631 979 2696 105
1005 2633 1021 2715 5
1045 2631 1064 2694 5
1090 2629 1156 2693 dele
1176 2635 1218 2708 ὡς
1242 2659 1287 2697 νι-

166 2758 319 2832 κήσαντες
375 2748 423 2814 Ib.
454 2751 522 2834 §.4
556 2755 586 2826 ἐς
619 2749 739 2817 κόλπου
764 2753 819 2816 τὸν
846 2757 1007 2834 Κρισαῖον·
1029 2751 1083 2812 καί
1106 2755 1287 2832 Κόρινθον.

167 2862 267 2926 Verba
291 2870 344 2929 καί
373 2873 561 2949 Κόρινθον,
588 2868 730 2947 suspecta
753 2862 906 2946 Kriigero,
932 2860 1069 2946 equidem
1086 2861 1152 2924 loco
1170 2883 1289 2924 movere

167 3001 229 3042 non
264 2977 358 3040 ausim
382 2983 504 3062 propter
527 2999 561 3041 ea
584 2998 661 3061 quac
683 2977 827 3061 leguntur
849 2976 885 3039 11
909 2979 950 3042 69
974 2979 1025 3060 51
1054 2980 1125 3062 μήτ’
1154 2977 1286 3045 ἐκπλεῖν

166 3099 208 3159 ἐκ
244 3097 465 3176 Κορίνθου
502 3097 573 3158 καί
611 3100 681 3160 τοῦ
715 3095 925 3178 Κρισαίου
962 3092 1125 3158 κόλπου
1160 3093 1285 3176 μηδένα

164 3206 236 3291 μήτ’
269 3207 412 3273 ἐσπλεῖν.
446 3203 484 3267 Of
514 3208 552 3271 81
579 3208 655 3289 51,
682 3208 724 3272 83
748 3209 762 3288 §
788 3209 823 3285 1,
849 3207 889 3270 93
915 3206 930 3289 5
956 3207 984 3269 1.
1032 3203 1104 3267 Νοι]
1127 3211 1229 3268 autem
1254 3206 1284 3269 in

166 3318 275 3382 vicinia
304 3318 396 3382 verbe
424 3325 640 3406 α’ποπειρᾰσαι
675 3331 730 3390 τοῦ
764 3326 927 3406 Πειραιῶς
965 3320 1033 3403 [τοῦ
1066 3319 1193 3404 λιμένος
1219 3331 1284 3388 τῶν

167 3434 381 3520 Ἀθηναίων]
408 3432 444 3496 ab
469 3432 570 3496 eadem
596 3433 765 3518 suspicione
785 3433 877 3496 libera
897 3453 961 3496 esse
977 3439 1067 3518 puto,
1086 3453 1187 3495 verum
1204 3431 1285 3496 fraus

164 3546 297 3632 perpluit
335 3547 366 3610 in
396 3549 412 3632 5
441 3550 477 3622 2,
508 3547 559 3611 ubi
586 3555 654 3632 post
681 3553 828 3626 Νισαίας
862 3546 984 3611 additur
1018 3556 1072 3616 τοῦ
1110 3551 1285 3635 νεωρίου

164 3666 289 3740 αὐτῶν,
323 3661 395 3745 quia
425 3662 649 3746 Megarensium
676 3669 872 3734 ἐπίνειον
898 3663 1058 3728 dicendum
1083 3661 1190 3725 fuerat.
1236 3661 1282 3725 Cf.

164 3777 249 3843 130
273 3776 372 3856 med,
398 3779 440 3843 84
463 3784 538 3842 extr.

208 3891 280 3975 Oap.
307 3893 347 3956 99
371 3894 388 3976 5
415 3896 442 3955 1.
489 3891 559 3954 Una
589 3891 680 3956 litura
713 3891 779 3955 dele
812 3891 900 3957 verba
928 3895 1019 3980 μέχρι
1049 3894 1214 3978 θαλάσσης
1239 3930 1279 3939 -

163 4007 416 4090 Ἑλλήσποντον.
439 4004 486 4069 Of.
506 4005 637 4090 Krr'igeri
657 4006 824 4070 annotatio.
841 4045 878 4054 -
907 4006 953 4070 Ib.
979 4009 1032 4090 52
1052 4006 1145 4070 risum
1163 4013 1284 4070 movent

162 4119 291 4182 Thraces
327 4120 486 4186 accatucci
511 4119 704 4208 (ὀρεινῶν
729 4120 895 4208 Θρακῶν).
948 4119 1097 4188 Montani
1120 4145 1142 4187 s.
1169 4120 1283 4187 aaoati·

163 4233 251 4300 ooluc
276 4233 388 4297 Graece
410 4234 540 4300 audiunt
562 4243 711 4324 ὄρειοι.
761 4235 940 4300 Rectissime
965 4235 1063 4300 Cobet
1079 4235 1159 4322 apud
1183 4236 1286 4300 Xeno·

163 4348 305 4432 phontem
330 4349 427 4414 ilaab.
445 4349 547 4414 Vno
570 4353 587 4435 5
612 4353 654 4416 10
682 4349 764 4414 idem
788 4350 898 4415 vitium
923 4351 1060 4415 sustulit.

209 4461 281 4547 Cap.
307 4465 348 4528 99
373 4465 389 4546 5
415 4467 443 4528 1.
470 4472 553 4533 κατὰ
577 4474 741 4552 κορυφὴν
774 4472 855 4530 recte
883 4465 1025 4530 scribitur
1059 4461 1099 4528 Of
1134 4464 1192 4529 Dio
1216 4462 1287 4527 Cus-

166 4575 225 4640 sius
247 4576 353 4640 XLIX
378 4579 421 4643 43
444 4579 460 4662 5
483 4581 503 4643 4
528 4587 559 4644 et
582 4579 663 4644 LIII
687 4582 727 4646 31
752 4581 769 4666 5
794 4582 823 4648 3.
