3190 5232
843 475 886 543 60

349 665 424 752 (lup.
457 666 498 733 75
522 671 597 731 extr.
627 669 682 734 διὰ
710 672 875 737 Βιθυνῶν
902 672 1041 754 Θρακῶν
1076 672 1110 734 οἳ
1139 672 1197 734 εἶσι
1226 668 1329 752 πέραν
1364 668 1394 752 [ε’
1403 698 1421 738 ν

305 793 352 870 τῇ
375 782 526 868 ’Anapi
572 781 832 866 Ludimagistrnm
856 781 995 847 redolent
1018 780 1108 846 verba
1132 780 1249 846 ultima.

349 893 467 980 †Cap.
502 898 542 961 76
576 897 590 980 ᾗ
620 898 636 960 1
663 897 869 983 βουλομένων
893 907 1087 981 μεταστῆσαι
1112 902 1168 965 τόν
1193 904 1310 980 κόσμον
1334 897 1420 984 [καί]

306 1019 338 1090 ἐς
355 1014 575 1098 δημοκρατίαν
596 1010 714 1098 [ὥσπερ
730 1018 762 1081 οἱ
778 1016 963 1099 Ἀθηναῖοι
980 1013 1126 1099 τρέψαι]Ι
1152 1011 1307 1077 Debuerat
1323 1019 1422 1078 certe:

305 1133 359 1194 σία
384 1132 469 1195 ἐστὶν
494 1132 603 1212 ἡτῶν
628 1127 823 1212 Ἀθηναίων
847 1131 901 1188 aut
926 1123 1024 1188 simile
1047 1123 1133 1208 quid.
1158 1132 1179 1201 †

349 1239 424 1325 (lap.
448 1244 491 1308 80
515 1240 591 1305 med.
609 1221 809 1323 πολεμίοις
826 1238 976 1303 tralaticio
992 1260 1090 1303 errore
1106 1260 1160 1322 pro
1177 1240 1423 1324 πολεμικοῖς,

304 1356 355 1420 sed
378 1357 470 1440 longe
494 1356 616 1440 gravius
639 1363 794 1441 peceatum
818 1377 836 1418 a
859 1353 964 1418 scribis
987 1358 1035 1417 est
1055 1353 1089 1418 in
1107 1352 1204 1419 verbis
1220 1355 1421 1438 praegressis:

306 1477 373 1537 ἐπεὶ
409 1476 463 1536 καί
496 1471 561 1538 τόδ’
592 1473 738 1557 ἔπραξαν
768 1473 959 1557 φοβούμενοι
988 1471 1096 1536 αὐτῶν
1122 1467 1327 1554 (Helotarum)
1348 1477 1423 1554 τὴν

308 1592 486 1672 νεότητα
510 1591 567 1651 καί
590 1590 626 1651 τό
649 1584 784 1669 πλῆθος.
818 1583 879 1648 Diu
902 1591 948 1648 est
964 1606 1001 1649 ex
1017 1605 1077 1668 quo
1095 1583 1157 1648 vidi
1174 1581 1243 1648 ferri
1259 1604 1320 1648 non
1336 1605 1424 1668 posse

307 1705 365 1783 τὴν
390 1706 539 1786 νεότητα,
565 1697 688 1762 undem
710 1697 828 1783 repperi
851 1698 933 1783 qnod
957 1720 1061 1763 rerum
1086 1704 1142 1762 cst.
1188 1693 1425 1763 Oodd.'variont

306 1811 388 1876 iuter
411 1819 590 1899 νεότητα
613 1817 920 1909 οίισιιαιότητα,
941 1834 1018 1898 qnae
1034 1813 1182 1878 lectiones
1201 1834 1290 1878 manu
1307 1813 1424 1878 ducunt

306 1925 343 1988 ad
367 1925 531 2010 genuinam
553 1928 732 2012 scripturam
755 1935 814 2011 τὴν
835 1928 1184 2016 (revincebantur,
1209 1927 1230 1993 i.
1247 1950 1272 1993 e.
1290 1935 1349 2012 τὴν
1367 1931 1426 1996 οἷν-

306 2042 426 2125 όριίαι.
473 2040 589 2108 Fortes
624 2047 712 2106 erant
745 2041 877 2106 Helotae
911 2048 941 2106 et
972 2048 1131 2127 propterea
1161 2052 1212 2106 eo's
1246 2042 1424 2108 metuebant

306 2155 458 2240 Spartani.
504 2155 669 2239 Postquam
693 2155 838 2222 articulus
861 2165 920 2242 τὴν
944 2157 1073 2252 primam
1097 2158 1243 2245 syllabam
1262 2189 1318 2242 μιν
1335 2181 1425 2245 prop·

304 2277 350 2336 ter
382 2271 614 2336 similitudinem
637 2272 843 2357 absorpserat‚
867 2294 902 2336 ex
927 2281 1084 2360 ιαιότητα
1108 2273 1159 2337 alii
1182 2280 1320 2361 νεότητα
1343 2275 1423 2338 fece·

305 2392 395 2465 runt,
424 2387 470 2449 nti
494 2386 597 2465 vides,
621 2387 674 2451 alii
695 2396 891 2476 σκαιότητα,
915 2386 1004 2453 modo
1028 2387 1177 2452 Graecum
1199 2397 1278 2452 esset
1293 2389 1427 2455 voeabu-

305 2500 387 2579 lum,
423 2501 460 2564 de
494 2503 647 2566 sententia
677 2503 781 2567 securi.
829 2503 987 2568 simillime
1017 2511 1312 2591 γενναιότητα
1344 2506 1427 2590 apud

303 2615 527 2699 Apollodorum
558 2616 675 2702 1135
707 2621 726 2684 2
761 2618 877 2683 abierat
900 2619 933 2683 in
957 2645 997 2686 τε
1022 2624 1223 2705 νεότητα,
1251 2619 1303 2682 sed
1326 2621 1424 2704 perite

307 2729 444 2795 Hereher
473 2731 538 2815 (qui
570 2732 686 2796 utinam
718 2734 777 2798 mei
809 2733 998 2810 meminerit,
1023 2738 1059 2796 ut
1084 2755 1141 2817 ego
1164 2733 1260 2819 illius)
1287 2735 1424 2800 restituit

306 2844 460 2930 scriptoris
493 2868 626 2912 manum.
665 2854 835 2926 Γινναίοος
869 2847 1142 2933 interpretamento
1169 2850 1321 2936 οἷοόριίιος
1345 2851 1426 2936 apud

306 2960 399 3025 Thue.
417 2960 542 3025 cessisse
566 2961 700 3046 suspicor
715 2961 743 3024 V
761 2965 799 3029 9:
820 2973 875 3032 καὶ
899 2967 986 3050 ὑμεῖς
992 3013 1002 3044 ,
1021 2959 1046 3030 ὦ
1070 2965 1224 3051 ἄνδρες
1247 2969 1423 3055 ξύμμαχοι,

306 3076 548 3160 ἀκολουθήσατε
578 3081 795 3166 ἀνδρείως.
841 3079 880 3144 In
904 3079 1007 3144 codice
1030 3079 1132 3155 enim,
1156 3101 1246 3164 quem
1271 3079 1343 3145 olim
1366 3081 1425 3146 Pa·

306 3189 384 3254 risiis
401 3191 528 3270 contuli,
544 3192 687 3258 scribitur
699 3199 857 3276 μινιιαίως
871 3194 1085 3280 (superscripto
1102 3217 1141 3257 m.
1161 3196 1179 3258 2
1197 3224 1245 3281 γρ.
1258 3191 1424 3281 ἀνδρείως)

305 3326 380 3388 quae
414 3305 505 3370 lectio
542 3315 666 3393 propter
695 3331 905 3392 praegressum
936 3313 1054 3396 ἄνδρες
1077 3309 1170 3374 altera
1198 3310 1355 3395 aliquanto
1378 3318 1426 3376 est

305 3420 499 3504 probabilior.
545 3423 592 3486 Ex
616 3431 743 3508 utraque
766 3425 800 3488 in
824 3424 890 3489 eod.
911 3423 1052 3489 Leidensi
1069 3431 1175 3491 natum
1192 3433 1239 3490 est
1254 3433 1424 3492 monstrum

306 3537 471 3623 scripturae
502 3541 740 3624 μιοόριίως.
766 3579 809 3588 -
832 3540 905 3626 Cap:
932 3544 974 3608 80
998 3543 1015 3624 b
1041 3545 1059 3606 2
1088 3541 1304 3628 supplendum:
1332 3547 1422 3630 οἵπερ

306 3658 360 3719 καί
385 3655 522 3736 ἠξίωσαν
548 3661 672 3740 πρῶτος
694 3655 815 3739 (αὐτὸς)
840 3658 973 3733 ἕκαστος
996 3657 1257 3744 ἐλεοόεροῡσθοιι.
1286 3655 1333 3722 (li.
1352 3655 1422 3721 adn.

305 3765 343 3830 ad
367 3766 403 3831 II
431 3768 471 3832 65
495 3768 512 3849 ό
537 3769 565 3832 6.

350 3880 424 3965 Cap.
455 3885 495 3948 81
521 3882 600 3947 med.
624 3886 867 3952 όνταπόόοσιν
893 3891 962 3951 καί
987 3886 1219 3973 α’ποόοηὴν.
1265 3885 1323 3949 Rei
1346 3884 1423 3949 ratio

305 3996 454 4081 postulat:
480 4005 534 4065 nal
558 4000 840 4087 (σίντ)αιιοόοηη’ν.

349 4113 369 4180 †
399 4112 473 4197 (lap.
507 4114 549 4179 83
580 4115 594 4195 b
619 4117 648 4179 2.
695 4114 770 4181 ὥστ’
794 4118 827 4179 ἐκ
853 4124 908 4182 τοῦ
935 4118 1082 4182 τοιοιίτοο
1111 4125 1231 4200 κοινῇ
1257 4113 1382 4199 μᾶλλον
1406 4119 1425 4181 o‘

305 4229 474 4314 Βρασίδας
498 4235 537 4294 τὰ
562 4236 617 4296 τοῦ
642 4230 842 4316 Ἀρριβαίοο
867 4232 958 4312 ἠξίου
980 4236 1143 4314 πράσσειν.
1178 4228 1227 4291 An
1251 4237 1422 4307 κοινῶς,

304 4341 325 4404 i.
349 4363 375 4405 e.
400 4341 470 4408 sine
493 4341 622 4408 studio?
645 4340 691 4407 Of.
715 4342 775 4406 Dio
798 4340 831 4406 C.
856 4342 957 4422 XLV,
981 4345 1025 4407 44
1049 4344 1066 4426 8
1092 4347 1121 4408 2.
1145 4351 1165 4419 †
1189 4341 1326 4408 Alterum
1343 4351 1425 4408 certe

306 4477 340 4519 eo
364 4477 455 4520 sensu
477 4457 615 4541 usurpari
638 4479 699 4523 non
724 4457 862 4522 memini.

350 4569 422 4656 Cap.
455 4571 496 4638 85
520 4572 538 4654 b
563 4573 591 4636 1.
618 4577 719 4657 ἡμὲν
752 4574 912 4660 ὲίιπιμψις
943 4610 987 4619 -
1021 4574 1194 4659 γεγένηται
1226 4578 1285 4654 τὴν
1310 4575 1421 4640 αἰτίαν
